<record><header><identifier>oai:alma.41SLSP_UGE:991000773879705502</identifier><datestamp>2023-03-01T01:09:55Z</datestamp><setSpec>uge_bcen_RapidILL_BOOK</setSpec><setSpec>uge_aaca_RapidILL_BOOK</setSpec><setSpec>uge_abels_RapidILL_BOOK</setSpec><setSpec>uge_dbu_RapidILL_BOOK</setSpec><setSpec>uge_cmu_RapidILL_BOOK</setSpec><setSpec>uge_mail_RapidILL_BOOK</setSpec><setSpec>UNIGE_ALL</setSpec><setSpec>uge_abbat_RapidILL_BOOK</setSpec><setSpec>uge_aobs_RapidILL_BOOK</setSpec><setSpec>uge_acar_RapidILL_BOOK</setSpec></header><metadata>
<record xmlns="http://www.loc.gov/MARC21/slim" xmlns:xsi="http://www.w3.org/2001/XMLSchema-instance" xsi:schemaLocation="http://www.loc.gov/MARC21/slim http://www.loc.gov/standards/marcxml/schema/MARC21slim.xsd"><leader>01332nam a2200337 c 4500</leader><controlfield tag="001">991000773879705502</controlfield><controlfield tag="005">20210206203054.0</controlfield><controlfield tag="008">201011s1976    xxu||||| |||| 00| ||eng d</controlfield><datafield ind1=" " ind2=" " tag="020"><subfield code="a">089252104X</subfield></datafield><datafield ind1=" " ind2=" " tag="027"><subfield code="a">SPIE-77</subfield></datafield><datafield ind1=" " ind2=" " tag="035"><subfield code="a">(swissbib)212493523-41slsp_network</subfield></datafield><datafield ind1=" " ind2=" " tag="035"><subfield code="a">212493523</subfield><subfield code="9">ExL</subfield></datafield><datafield ind1=" " ind2=" " tag="035"><subfield code="a">(RERO)1216392-41slsp</subfield></datafield><datafield ind1=" " ind2=" " tag="035"><subfield code="a">(NEBIS)000095136EBI01</subfield></datafield><datafield ind1=" " ind2=" " tag="035"><subfield code="a">(EXLNZ-41SLSP_NETWORK)991056624669705501</subfield></datafield><datafield ind1=" " ind2=" " tag="040"><subfield code="a">RERO geusob</subfield><subfield code="d">CH-ZuSLS</subfield></datafield><datafield ind1=" " ind2="7" tag="072"><subfield code="a">py</subfield><subfield code="2">rero</subfield></datafield><datafield ind1="0" ind2="0" tag="245"><subfield code="a">Fibers and integrated optics</subfield><subfield code="b">March 22-23, 1976, Reston, Virginia</subfield><subfield code="c">Henri Hodara, ed</subfield></datafield><datafield ind1="1" ind2=" " tag="246"><subfield code="a">FIBERS AND INTEGRATED OPTICS</subfield></datafield><datafield ind1=" " ind2="1" tag="264"><subfield code="a">Reston Va.</subfield><subfield code="b">SPIE</subfield><subfield code="c">1976</subfield></datafield><datafield ind1=" " ind2=" " tag="300"><subfield code="a">VIII, 158 p.</subfield><subfield code="b">ill.</subfield><subfield code="c">28 cm</subfield></datafield><datafield ind1=" " ind2=" " tag="336"><subfield code="b">txt</subfield><subfield code="2">rdacontent</subfield></datafield><datafield ind1=" " ind2=" " tag="337"><subfield code="b">n</subfield><subfield code="2">rdamedia</subfield></datafield><datafield ind1=" " ind2=" " tag="338"><subfield code="b">nc</subfield><subfield code="2">rdacarrier</subfield></datafield><datafield ind1="1" ind2=" " tag="490"><subfield code="a">Proceedings of the Society of Photo-Optical Instrumentation Engineers</subfield><subfield code="v">vol. 77</subfield></datafield><datafield ind1=" " ind2="7" tag="650"><subfield code="a">FASEROPTISCHE BAUELEMENTE, LICHTLEITER (OPTISCHE INSTRUMENTE)</subfield><subfield code="9">ger</subfield><subfield code="0">(ETHUDK)000034844</subfield><subfield code="2">ethudk</subfield></datafield><datafield ind1=" " ind2="7" tag="655"><subfield code="a">Konferenzschrift</subfield><subfield code="z">Reston (VA)</subfield><subfield code="y">1976/03</subfield><subfield code="2">gnd-content</subfield></datafield><datafield ind1="1" ind2=" " tag="700"><subfield code="a">Hodara, H.</subfield></datafield><datafield ind1="1" ind2=" " tag="700"><subfield code="a">Hodara, Henri</subfield><subfield code="d">19..-....</subfield><subfield code="0">(IDREF)113449674</subfield></datafield><datafield ind1=" " ind2="0" tag="830"><subfield code="a">Proceedings of the Society of Photo-Optical Instrumentation Engineers</subfield><subfield code="v">77</subfield><subfield code="w">(RERO)1206159-41slsp</subfield></datafield><datafield ind1=" " ind2="0" tag="830"><subfield code="a">Proceedings of the Society of Photo-Optical Instrumentation Engineers</subfield><subfield code="v">77</subfield><subfield code="w">(NEBIS)000024472EBI01</subfield></datafield><datafield ind1=" " ind2=" " tag="900"><subfield code="a">REROnoselfmerge</subfield></datafield><datafield ind1=" " ind2=" " tag="961"><subfield code="2">ge-obs</subfield><subfield code="a">27.1</subfield><subfield code="9">LOCAL</subfield></datafield><datafield ind1=" " ind2=" " tag="961"><subfield code="2">ge-obs</subfield><subfield code="a">27</subfield><subfield code="9">LOCAL</subfield></datafield></record>
</metadata></record>