<record><header><identifier>oai:alma.41SLSP_UGE:991000773859705502</identifier><datestamp>2023-03-01T01:09:55Z</datestamp><setSpec>uge_bcen_RapidILL_BOOK</setSpec><setSpec>uge_aaca_RapidILL_BOOK</setSpec><setSpec>uge_abels_RapidILL_BOOK</setSpec><setSpec>uge_dbu_RapidILL_BOOK</setSpec><setSpec>uge_cmu_RapidILL_BOOK</setSpec><setSpec>uge_mail_RapidILL_BOOK</setSpec><setSpec>UNIGE_ALL</setSpec><setSpec>uge_abbat_RapidILL_BOOK</setSpec><setSpec>uge_aobs_RapidILL_BOOK</setSpec><setSpec>uge_acar_RapidILL_BOOK</setSpec></header><metadata>
<record xmlns="http://www.loc.gov/MARC21/slim" xmlns:xsi="http://www.w3.org/2001/XMLSchema-instance" xsi:schemaLocation="http://www.loc.gov/MARC21/slim http://www.loc.gov/standards/marcxml/schema/MARC21slim.xsd"><leader>01297nam a2200301 c 4500</leader><controlfield tag="001">991000773859705502</controlfield><controlfield tag="005">20230208202840.0</controlfield><controlfield tag="008">890612s1982    sz ||||| |||| 00| ||fre d</controlfield><datafield ind1=" " ind2=" " tag="035"><subfield code="a">(swissbib)083824502-41slsp_network</subfield></datafield><datafield ind1=" " ind2=" " tag="035"><subfield code="a">083824502</subfield><subfield code="9">ExL</subfield></datafield><datafield ind1=" " ind2=" " tag="035"><subfield code="a">(RERO)1121272-41slsp</subfield></datafield><datafield ind1=" " ind2=" " tag="035"><subfield code="a">(EXLNZ-41SLSP_NETWORK)991135179379705501</subfield></datafield><datafield ind1=" " ind2=" " tag="040"><subfield code="a">RERO neuses</subfield><subfield code="d">CH-ZuSLS</subfield></datafield><datafield ind1=" " ind2=" " tag="044"><subfield code="a">sz</subfield><subfield code="c">ch-ge</subfield><subfield code="a">sz</subfield><subfield code="c">ch-ne</subfield></datafield><datafield ind1=" " ind2="7" tag="072"><subfield code="a">pe</subfield><subfield code="2">rero</subfield></datafield><datafield ind1=" " ind2="7" tag="072"><subfield code="a">ps</subfield><subfield code="2">rero</subfield></datafield><datafield ind1="0" ind2="0" tag="245"><subfield code="a">Processus psychosociologiques, niveau opératoire, et appropriation de connaissances</subfield><subfield code="b">(version préliminaire d'une étude en cours)</subfield><subfield code="c">Anne-Nelly Perret-Clermont... [et al.] ; avec la collab. de Nancy Bell, François Conne et Michèle Grossen</subfield></datafield><datafield ind1=" " ind2="1" tag="264"><subfield code="a">Genève</subfield><subfield code="b">Fac. de psychologie et des sciences de l'éducation de l'Univ. de Genève</subfield><subfield code="a">Neuchâtel</subfield><subfield code="b">Séminaire de psychologie Univ. de Neuchâtel</subfield><subfield code="c">1982</subfield></datafield><datafield ind1=" " ind2=" " tag="300"><subfield code="a">80 p.</subfield><subfield code="c">30 cm</subfield></datafield><datafield ind1=" " ind2=" " tag="336"><subfield code="b">txt</subfield><subfield code="2">rdacontent</subfield></datafield><datafield ind1=" " ind2=" " tag="337"><subfield code="b">n</subfield><subfield code="2">rdamedia</subfield></datafield><datafield ind1=" " ind2=" " tag="338"><subfield code="b">nc</subfield><subfield code="2">rdacarrier</subfield></datafield><datafield ind1="1" ind2=" " tag="490"><subfield code="a">Interactions didactiques</subfield><subfield code="v">no 2</subfield></datafield><datafield ind1=" " ind2="7" tag="650"><subfield code="a">Apprentissage</subfield><subfield code="0">(IDREF)130683035</subfield><subfield code="2">idref</subfield></datafield><datafield ind1="1" ind2=" " tag="700"><subfield code="a">Perret-Clermont, Anne-Nelly</subfield><subfield code="0">(IDREF)031822894</subfield></datafield><datafield ind1="1" ind2=" " tag="700"><subfield code="a">Bell, Nancy</subfield><subfield code="c">psychologue</subfield><subfield code="0">(RERO)A012319292</subfield></datafield><datafield ind1="1" ind2=" " tag="700"><subfield code="a">Grossen, Michèle</subfield><subfield code="0">(IDREF)032917007</subfield></datafield><datafield ind1=" " ind2=" " tag="830"><subfield code="a">Interactions didactiques</subfield><subfield code="v">2</subfield><subfield code="w">(RERO)0785408-41slsp</subfield></datafield><datafield ind1=" " ind2=" " tag="900"><subfield code="a">REROnoselfmerge</subfield></datafield></record>
</metadata></record>