<record><header><identifier>oai:alma.41SLSP_UGE:991000774589705502</identifier><datestamp>2023-03-01T01:09:55Z</datestamp><setSpec>uge_bcen_RapidILL_BOOK</setSpec><setSpec>uge_aaca_RapidILL_BOOK</setSpec><setSpec>uge_abels_RapidILL_BOOK</setSpec><setSpec>uge_dbu_RapidILL_BOOK</setSpec><setSpec>uge_cmu_RapidILL_BOOK</setSpec><setSpec>uge_mail_RapidILL_BOOK</setSpec><setSpec>UNIGE_ALL</setSpec><setSpec>uge_abbat_RapidILL_BOOK</setSpec><setSpec>uge_aobs_RapidILL_BOOK</setSpec><setSpec>uge_acar_RapidILL_BOOK</setSpec></header><metadata>
<record xmlns="http://www.loc.gov/MARC21/slim" xmlns:xsi="http://www.w3.org/2001/XMLSchema-instance" xsi:schemaLocation="http://www.loc.gov/MARC21/slim http://www.loc.gov/standards/marcxml/schema/MARC21slim.xsd"><leader>01832nam a2200385 ca4500</leader><controlfield tag="001">991000774589705502</controlfield><controlfield tag="005">20201231124331.0</controlfield><controlfield tag="008">201011m19311934fr ||||| |||| 00| ||fre d</controlfield><datafield ind1=" " ind2=" " tag="035"><subfield code="a">(swissbib)232184607-41slsp_network</subfield></datafield><datafield ind1=" " ind2=" " tag="035"><subfield code="a">232184607</subfield><subfield code="9">ExL</subfield></datafield><datafield ind1=" " ind2=" " tag="035"><subfield code="a">(RERO)0180692-41slsp</subfield></datafield><datafield ind1=" " ind2=" " tag="035"><subfield code="a">(IDSBB)004798649DSV01</subfield></datafield><datafield ind1=" " ind2=" " tag="035"><subfield code="a">(EXLNZ-41SLSP_NETWORK)991125963489705501</subfield></datafield><datafield ind1=" " ind2=" " tag="040"><subfield code="a">RERO</subfield><subfield code="d">CH-ZuSLS</subfield></datafield><datafield ind1=" " ind2="7" tag="072"><subfield code="a">py</subfield><subfield code="2">rero</subfield></datafield><datafield ind1="0" ind2="0" tag="245"><subfield code="a">Traité de chimie minérale</subfield><subfield code="c">publ. sous la dir. de Paul Pascal</subfield></datafield><datafield ind1=" " ind2="1" tag="264"><subfield code="a">Paris</subfield><subfield code="b">Masson</subfield><subfield code="c">1931-1934</subfield></datafield><datafield ind1=" " ind2=" " tag="300"><subfield code="a">12 t. en 13 vol.</subfield><subfield code="b">fig.</subfield><subfield code="c">26 cm</subfield></datafield><datafield ind1=" " ind2=" " tag="336"><subfield code="b">txt</subfield><subfield code="2">rdacontent</subfield></datafield><datafield ind1=" " ind2=" " tag="337"><subfield code="b">n</subfield><subfield code="2">rdamedia</subfield></datafield><datafield ind1=" " ind2=" " tag="338"><subfield code="b">nc</subfield><subfield code="2">rdacarrier</subfield></datafield><datafield ind1="0" ind2="0" tag="505"><subfield code="g">T. 1</subfield><subfield code="t">Air-eau-hydrogène-oxygène-ozone-eau oxygène-halogènes</subfield></datafield><datafield ind1="0" ind2="0" tag="505"><subfield code="g">T. 2</subfield><subfield code="t">Soufre-sélenium-tellure-industrie de l'acide sulfurique et de l'oléum</subfield></datafield><datafield ind1="0" ind2="0" tag="505"><subfield code="g">T. 3</subfield><subfield code="t">Azote-phosphore-arsenic-industrie de l'azote</subfield></datafield><datafield ind1="0" ind2="0" tag="505"><subfield code="g">T. 4</subfield><subfield code="t">Antimoine-bismuth-vanadium-niobium-tantale-bore</subfield></datafield><datafield ind1="0" ind2="0" tag="505"><subfield code="g">T. 5</subfield><subfield code="t">Carbone-silicium-titane-germanium-zirconium-celtium-ammonium</subfield></datafield><datafield ind1="0" ind2="0" tag="505"><subfield code="g">T. 6,1</subfield><subfield code="t">Métaux alcalins et métaux alcalino-terreax, industries des sels alcalins</subfield></datafield><datafield ind1="0" ind2="0" tag="505"><subfield code="g">T. 6,2</subfield><subfield code="t">Lithium-élaboration des métaux alcalins-calcium-strontium-baryum</subfield></datafield><datafield ind1="0" ind2="0" tag="505"><subfield code="g">T. 7</subfield><subfield code="t">Glucinium-magnésium-zinc-cadmium-aluminium-gallium-indium-élaboration des métaux légers-liants hydrauliques le verre et son industrie</subfield></datafield><datafield ind1="0" ind2="0" tag="505"><subfield code="g">T. 8</subfield><subfield code="t">Eléments des terres rares-cuivre-argent-or-mercure</subfield></datafield><datafield ind1="0" ind2="0" tag="505"><subfield code="g">T. 9</subfield><subfield code="t">Etain-plomb-thallium-manganèse-rhénium-fer</subfield></datafield><datafield ind1="0" ind2="0" tag="505"><subfield code="g">T. 10</subfield><subfield code="t">Nickel-chrome-cobalt-étude générale des complexes</subfield></datafield><datafield ind1="0" ind2="0" tag="505"><subfield code="g">T. 11</subfield><subfield code="t">Molybdène-tungstène-uranium-thorium-métaux de la famille du platine</subfield></datafield><datafield ind1="0" ind2="0" tag="505"><subfield code="g">T. 12</subfield><subfield code="t">Radioéléments-gaz rares-étude générale des alliages</subfield><subfield code="t">Addenda</subfield></datafield><datafield ind1="1" ind2=" " tag="700"><subfield code="a">Pascal, Paul</subfield><subfield code="0">(RERO)A003672984</subfield></datafield><datafield ind1=" " ind2=" " tag="900"><subfield code="a">REROnoselfmerge</subfield></datafield></record>
</metadata></record>