<record><header><identifier>oai:alma.41SLSP_UGE:991000774689705502</identifier><datestamp>2023-03-01T01:09:56Z</datestamp><setSpec>uge_bcen_RapidILL_BOOK</setSpec><setSpec>uge_aaca_RapidILL_BOOK</setSpec><setSpec>uge_abels_RapidILL_BOOK</setSpec><setSpec>uge_dbu_RapidILL_BOOK</setSpec><setSpec>uge_cmu_RapidILL_BOOK</setSpec><setSpec>uge_mail_RapidILL_BOOK</setSpec><setSpec>UNIGE_ALL</setSpec><setSpec>uge_abbat_RapidILL_BOOK</setSpec><setSpec>uge_aobs_RapidILL_BOOK</setSpec><setSpec>uge_acar_RapidILL_BOOK</setSpec></header><metadata>
<record xmlns="http://www.loc.gov/MARC21/slim" xmlns:xsi="http://www.w3.org/2001/XMLSchema-instance" xsi:schemaLocation="http://www.loc.gov/MARC21/slim http://www.loc.gov/standards/marcxml/schema/MARC21slim.xsd"><leader>01080nam a2200277 c 4500</leader><controlfield tag="001">991000774689705502</controlfield><controlfield tag="005">20230122170217.0</controlfield><controlfield tag="008">981119s1996    xxu           00| | eng d</controlfield><datafield ind1=" " ind2=" " tag="035"><subfield code="a">(swissbib)093868820-41slsp_network</subfield></datafield><datafield ind1=" " ind2=" " tag="035"><subfield code="a">093868820</subfield><subfield code="9">ExL</subfield></datafield><datafield ind1=" " ind2=" " tag="035"><subfield code="a">(RERO)R239777760-41slsp</subfield></datafield><datafield ind1=" " ind2=" " tag="035"><subfield code="a">(EXLNZ-41SLSP_NETWORK)991125407559705501</subfield></datafield><datafield ind1=" " ind2=" " tag="040"><subfield code="a">RERO geuieg</subfield><subfield code="d">CH-ZuSLS</subfield></datafield><datafield ind1=" " ind2="7" tag="072"><subfield code="a">ss</subfield><subfield code="2">rero</subfield></datafield><datafield ind1="0" ind2="0" tag="245"><subfield code="a">&lt;&lt;The&gt;&gt; apparel industry and code of conduct</subfield><subfield code="b">a solution to the international child labor problem ?</subfield><subfield code="c">Bureau of International Labor Affairs ; [under the dir. of] Andrew J. Samet</subfield></datafield><datafield ind1=" " ind2="1" tag="264"><subfield code="a">Washington D.C.</subfield><subfield code="b">U.S. Departement of Labor</subfield><subfield code="c">1996</subfield></datafield><datafield ind1=" " ind2=" " tag="300"><subfield code="a">XI, 242 p.</subfield><subfield code="c">28 cm</subfield></datafield><datafield ind1=" " ind2=" " tag="336"><subfield code="b">txt</subfield><subfield code="2">rdacontent</subfield></datafield><datafield ind1=" " ind2=" " tag="337"><subfield code="b">n</subfield><subfield code="2">rdamedia</subfield></datafield><datafield ind1=" " ind2=" " tag="338"><subfield code="b">nc</subfield><subfield code="2">rdacarrier</subfield></datafield><datafield ind1="1" ind2=" " tag="490"><subfield code="a">ILAB's child labor series</subfield></datafield><datafield ind1=" " ind2="7" tag="650"><subfield code="a">Travail</subfield><subfield code="0">(IDREF)027736067</subfield><subfield code="2">idref</subfield></datafield><datafield ind1=" " ind2="7" tag="650"><subfield code="a">Enfants</subfield><subfield code="0">(IDREF)027233278</subfield><subfield code="2">idref</subfield></datafield><datafield ind1="1" ind2=" " tag="700"><subfield code="a">Samet, Andrew J</subfield><subfield code="0">(RERO)A003782713</subfield></datafield><datafield ind1="1" ind2=" " tag="710"><subfield code="a">Etats-Unis</subfield><subfield code="b">Bureau of international labor affairs</subfield><subfield code="0">(IDREF)026633302</subfield></datafield><datafield ind1=" " ind2=" " tag="830"><subfield code="a">ILAB's child labor series</subfield><subfield code="w">(RERO)R239776160-41slsp</subfield></datafield><datafield ind1=" " ind2=" " tag="900"><subfield code="a">REROnoselfmerge</subfield></datafield><datafield ind1=" " ind2=" " tag="961"><subfield code="2">gsi</subfield><subfield code="a">331.101</subfield><subfield code="9">LOCAL</subfield></datafield></record>
</metadata></record>