<record><header><identifier>oai:alma.41SLSP_UGE:991000773969705502</identifier><datestamp>2023-03-01T01:09:56Z</datestamp><setSpec>uge_cmu_RapidILL_JOURNAL</setSpec><setSpec>uge_aobs_RapidILL_JOURNAL</setSpec><setSpec>uge_aaca_RapidILL_JOURNAL</setSpec><setSpec>uge_bcen_RapidILL_JOURNAL</setSpec><setSpec>uge_abbat_RapidILL_JOURNAL</setSpec><setSpec>uge_mail_RapidILL_JOURNAL</setSpec><setSpec>uge_dbu_RapidILL_JOURNAL</setSpec><setSpec>UNIGE_ALL</setSpec><setSpec>uge_abels_RapidILL_JOURNAL</setSpec><setSpec>uge_acar_RapidILL_JOURNAL</setSpec></header><metadata>
<record xmlns="http://www.loc.gov/MARC21/slim" xmlns:xsi="http://www.w3.org/2001/XMLSchema-instance" xsi:schemaLocation="http://www.loc.gov/MARC21/slim http://www.loc.gov/standards/marcxml/schema/MARC21slim.xsd"><leader>02421nas a2200313 c 4500</leader><controlfield tag="001">991000773969705502</controlfield><controlfield tag="005">20201225184357.0</controlfield><controlfield tag="008">860731u1957uuuuru || p|  ||| 0    0rus d</controlfield><datafield ind1=" " ind2=" " tag="022"><subfield code="a">0321-5067</subfield></datafield><datafield ind1=" " ind2=" " tag="035"><subfield code="a">(swissbib)080979289-41slsp_network</subfield></datafield><datafield ind1=" " ind2=" " tag="035"><subfield code="a">080979289</subfield><subfield code="9">ExL</subfield></datafield><datafield ind1=" " ind2=" " tag="035"><subfield code="a">(RERO)0736825-41slsp</subfield></datafield><datafield ind1=" " ind2=" " tag="035"><subfield code="a">(EXLNZ-41SLSP_NETWORK)991064202319705501</subfield></datafield><datafield ind1=" " ind2=" " tag="040"><subfield code="a">RERO geudbu</subfield><subfield code="d">CH-ZuSLS</subfield></datafield><datafield ind1=" " ind2="7" tag="072"><subfield code="a">ba</subfield><subfield code="2">rero</subfield></datafield><datafield ind1=" " ind2="7" tag="072"><subfield code="a">ru</subfield><subfield code="2">rero</subfield></datafield><datafield ind1="0" ind2="0" tag="245"><subfield code="6">880-01</subfield><subfield code="a">Sovetskiĭ filʹm</subfield><subfield code="b">ezhemesi︠a︡chnyĭ illi︠u︡strirovannyĭ zhurnal</subfield><subfield code="c">[Vsesoi︠u︡znoe Kinoobʺedinene &quot;Sovėksportfilʹm&quot;]</subfield></datafield><datafield ind1="0" ind2="0" tag="880"><subfield code="6">245-01/(N</subfield><subfield code="a">Советский фильм</subfield><subfield code="b">ежемесячный иллюстрированный журнал</subfield><subfield code="c">[Всесоюзное Кинообъединение &quot;Совэкспортфильм&quot;]</subfield></datafield><datafield ind1="1" ind2=" " tag="246"><subfield code="a">Sovetskij filʹm</subfield><subfield code="b">ežemesjačnyj illjustrirovannyj žurnal / [Vsesojuznoe Kinoobʺedinene &quot;Sovéksportfilʹm&quot;]</subfield></datafield><datafield ind1=" " ind2="1" tag="264"><subfield code="6">880-02</subfield><subfield code="a">Moskva</subfield><subfield code="b">Sovéksportfil'm</subfield></datafield><datafield ind1=" " ind2="1" tag="880"><subfield code="6">264-02/(N</subfield><subfield code="a">Москва</subfield><subfield code="b">Совэкспортфильм</subfield></datafield><datafield ind1=" " ind2=" " tag="300"><subfield code="c">29 cm</subfield></datafield><datafield ind1=" " ind2=" " tag="310"><subfield code="a">Mensuel</subfield></datafield><datafield ind1=" " ind2=" " tag="336"><subfield code="b">txt</subfield><subfield code="2">rdacontent</subfield></datafield><datafield ind1=" " ind2=" " tag="337"><subfield code="b">n</subfield><subfield code="2">rdamedia</subfield></datafield><datafield ind1=" " ind2=" " tag="338"><subfield code="b">nc</subfield><subfield code="2">rdacarrier</subfield></datafield><datafield ind1="0" ind2=" " tag="362"><subfield code="a">1(1957) - [?]</subfield></datafield><datafield ind1="2" ind2=" " tag="710"><subfield code="6">880-03</subfield><subfield code="a">Vsesoi︠u︡znoe Kinoobʺedinenie &quot;Sovėksportfilm&quot; (SSSR)</subfield><subfield code="0">(RERO)A000173939</subfield></datafield><datafield ind1="2" ind2=" " tag="880"><subfield code="6">710-03/(N</subfield><subfield code="a">Всесоюзное Кинообъединение &quot;Совэкспортфильм&quot; (СССР)</subfield></datafield><datafield ind1=" " ind2=" " tag="900"><subfield code="a">REROnoselfmerge</subfield></datafield></record>
</metadata></record>