<record><header><identifier>oai:alma.41SLSP_UGE:991000774209705502</identifier><datestamp>2024-03-08T01:27:19Z</datestamp><setSpec>uge_bcen_RapidILL_BOOK</setSpec><setSpec>uge_aaca_RapidILL_BOOK</setSpec><setSpec>uge_abels_RapidILL_BOOK</setSpec><setSpec>uge_dbu_RapidILL_BOOK</setSpec><setSpec>uge_cmu_RapidILL_BOOK</setSpec><setSpec>uge_mail_RapidILL_BOOK</setSpec><setSpec>uge_abbat_RapidILL_BOOK</setSpec><setSpec>UNIGE_ALL</setSpec><setSpec>uge_aobs_RapidILL_BOOK</setSpec><setSpec>uge_acar_RapidILL_BOOK</setSpec></header><metadata>
<record xmlns="http://www.loc.gov/MARC21/slim" xmlns:xsi="http://www.w3.org/2001/XMLSchema-instance" xsi:schemaLocation="http://www.loc.gov/MARC21/slim http://www.loc.gov/standards/marcxml/schema/MARC21slim.xsd"><leader>06527nam a2201045 c 4500</leader><controlfield tag="001">991000774209705502</controlfield><controlfield tag="005">20240307234110.0</controlfield><controlfield tag="008">201012s2016    sz            00| | ger d</controlfield><datafield ind1=" " ind2=" " tag="020"><subfield code="a">9783909059706</subfield></datafield><datafield ind1=" " ind2=" " tag="035"><subfield code="a">(swissbib)236125494-41slsp_network</subfield></datafield><datafield ind1=" " ind2=" " tag="035"><subfield code="a">236125494</subfield><subfield code="9">ExL</subfield></datafield><datafield ind1=" " ind2=" " tag="035"><subfield code="a">(IDSSG)000897147HSB01</subfield></datafield><datafield ind1=" " ind2=" " tag="035"><subfield code="a">(IDSLU)001259048ILU01</subfield></datafield><datafield ind1=" " ind2=" " tag="035"><subfield code="a">(NEBIS)010745254EBI01</subfield></datafield><datafield ind1=" " ind2=" " tag="035"><subfield code="a">(RERO)R008539874-41slsp</subfield></datafield><datafield ind1=" " ind2=" " tag="035"><subfield code="a">(IDSBB)006642581DSV01</subfield></datafield><datafield ind1=" " ind2=" " tag="035"><subfield code="a">(ABN)000805214ABN01</subfield></datafield><datafield ind1=" " ind2=" " tag="035"><subfield code="a">(ALEX)bv9925885604601791</subfield></datafield><datafield ind1=" " ind2=" " tag="035"><subfield code="a">(EXLNZ-41SLSP_NETWORK)991083244319705501</subfield></datafield><datafield ind1=" " ind2=" " tag="040"><subfield code="a">SzZuIDS NEBIS ETH-BIB</subfield><subfield code="b">ger</subfield><subfield code="e">rda</subfield><subfield code="d">CH-ZuSLS</subfield></datafield><datafield ind1=" " ind2=" " tag="044"><subfield code="a">sz</subfield><subfield code="c">ch-zh</subfield></datafield><datafield ind1=" " ind2="7" tag="072"><subfield code="a">172</subfield><subfield code="2">IDS LU</subfield></datafield><datafield ind1=" " ind2="7" tag="072"><subfield code="a">350</subfield><subfield code="2">IDS LU</subfield></datafield><datafield ind1=" " ind2="7" tag="072"><subfield code="a">se</subfield><subfield code="2">rero</subfield></datafield><datafield ind1=" " ind2="7" tag="072"><subfield code="a">ht</subfield><subfield code="2">rero</subfield></datafield><datafield ind1=" " ind2="7" tag="072"><subfield code="a">wg</subfield><subfield code="2">SzZuIDS BS/BE</subfield></datafield><datafield ind1=" " ind2="7" tag="072"><subfield code="a">te</subfield><subfield code="2">SzZuIDS BS/BE</subfield></datafield><datafield ind1="0" ind2="4" tag="082"><subfield code="a">623.4094940903</subfield><subfield code="2">22/ger</subfield></datafield><datafield ind1="1" ind2="4" tag="082"><subfield code="a">355</subfield><subfield code="2">15</subfield></datafield><datafield ind1="1" ind2="4" tag="082"><subfield code="a">330</subfield><subfield code="2">15</subfield></datafield><datafield ind1=" " ind2=" " tag="084"><subfield code="a">QO 100</subfield><subfield code="2">rvk</subfield></datafield><datafield ind1=" " ind2=" " tag="084"><subfield code="a">QP 380</subfield><subfield code="2">rvk</subfield></datafield><datafield ind1=" " ind2=" " tag="084"><subfield code="a">355</subfield><subfield code="2">sdnb</subfield></datafield><datafield ind1=" " ind2=" " tag="084"><subfield code="a">620</subfield><subfield code="2">sdnb</subfield></datafield><datafield ind1="1" ind2=" " tag="100"><subfield code="a">Degen, Hans Rudolf</subfield><subfield code="6">880-01</subfield><subfield code="0">(DE-588)114126542</subfield><subfield code="e">Verfasser</subfield><subfield code="4">aut</subfield></datafield><datafield ind1="1" ind2=" " tag="880"><subfield code="6">100-01</subfield><subfield code="a">Degen, Hans Rudolf</subfield><subfield code="0">(RERO)A003163789</subfield><subfield code="4">cre</subfield></datafield><datafield ind1="1" ind2="0" tag="245"><subfield code="a">Bei Kaisern und Königen</subfield><subfield code="b">Waffentechniker und Strategen von Weltruf</subfield><subfield code="c">Hans R. Degen</subfield></datafield><datafield ind1=" " ind2="1" tag="264"><subfield code="a">Zürich</subfield><subfield code="b">Verein für wirtschaftshistorische Studien</subfield><subfield code="c">[2016]</subfield></datafield><datafield ind1=" " ind2=" " tag="300"><subfield code="a">96 Seiten</subfield><subfield code="b">Illustrationen</subfield></datafield><datafield ind1=" " ind2=" " tag="336"><subfield code="b">txt</subfield><subfield code="2">rdacontent</subfield></datafield><datafield ind1=" " ind2=" " tag="337"><subfield code="b">n</subfield><subfield code="2">rdamedia</subfield></datafield><datafield ind1=" " ind2=" " tag="338"><subfield code="b">nc</subfield><subfield code="2">rdacarrier</subfield></datafield><datafield ind1="1" ind2=" " tag="490"><subfield code="a">Schweizer Pioniere der Wirtschaft und Technik</subfield><subfield code="v">Band 107</subfield></datafield><datafield ind1=" " ind2=" " tag="500"><subfield code="a">Enthält unter anderem (Seiten 56-71): Samuel Johann Pauli (1766-1824) Erfinder des Hinterladers</subfield><subfield code="5">B412</subfield></datafield><datafield ind1="1" ind2="7" tag="600"><subfield code="a">Jomini, Antoine Henri de</subfield><subfield code="d">1779-1869</subfield><subfield code="0">(IDREF)026939932</subfield><subfield code="2">idref</subfield></datafield><datafield ind1="0" ind2="7" tag="600"><subfield code="a">Maritz</subfield><subfield code="c">(famille)</subfield><subfield code="0">(RERO)A010113814</subfield><subfield code="2">rero</subfield></datafield><datafield ind1="0" ind2="7" tag="600"><subfield code="a">Egg</subfield><subfield code="c">(famille d'armuriers)</subfield><subfield code="0">(RERO)A026682733</subfield><subfield code="2">rero</subfield></datafield><datafield ind1="1" ind2="7" tag="600"><subfield code="a">Jomini, Antoine Henri &lt;&lt;de&gt;&gt;</subfield><subfield code="d">1779-1869</subfield><subfield code="0">(DE-588)118776339</subfield><subfield code="2">gnd</subfield></datafield><datafield ind1="1" ind2="7" tag="600"><subfield code="a">Maritz, Johannes</subfield><subfield code="d">1680-1743</subfield><subfield code="0">(DE-588)107061050X</subfield><subfield code="2">gnd</subfield></datafield><datafield ind1="1" ind2="7" tag="600"><subfield code="a">Pauli, Samuel Johann</subfield><subfield code="d">1766-1821</subfield><subfield code="0">(DE-588)119464438</subfield><subfield code="2">gnd</subfield></datafield><datafield ind1="3" ind2="7" tag="600"><subfield code="a">Egg</subfield><subfield code="c">Familie : 18. Jh.-</subfield><subfield code="0">(DE-588)113110496X</subfield><subfield code="2">gnd</subfield></datafield><datafield ind1="1" ind2="0" tag="610"><subfield code="a">Switzerland</subfield><subfield code="x">Military history</subfield></datafield><datafield ind1=" " ind2="7" tag="648"><subfield code="a">Geschichte</subfield><subfield code="2">gnd</subfield></datafield><datafield ind1=" " ind2="7" tag="648"><subfield code="a">Geschichte 1750-1850</subfield><subfield code="2">gnd</subfield></datafield><datafield ind1=" " ind2="7" tag="650"><subfield code="a">Rüstungsindustrie</subfield><subfield code="0">(DE-588)4115806-4</subfield><subfield code="2">gnd</subfield></datafield><datafield ind1=" " ind2="7" tag="650"><subfield code="a">Militärtechnik</subfield><subfield code="0">(DE-588)4074823-6</subfield><subfield code="2">gnd</subfield></datafield><datafield ind1=" " ind2="7" tag="650"><subfield code="a">Militär</subfield><subfield code="0">(DE-588)4039305-7</subfield><subfield code="2">gnd</subfield></datafield><datafield ind1=" " ind2="7" tag="650"><subfield code="a">Waffenproduktion</subfield><subfield code="0">(DE-588)4477603-2</subfield><subfield code="2">gnd</subfield></datafield><datafield ind1=" " ind2="7" tag="650"><subfield code="a">Logistik</subfield><subfield code="0">(DE-588)4036210-3</subfield><subfield code="2">gnd</subfield></datafield><datafield ind1=" " ind2="7" tag="650"><subfield code="a">Strategie</subfield><subfield code="0">(DE-588)4057952-9</subfield><subfield code="2">gnd</subfield></datafield><datafield ind1=" " ind2="7" tag="650"><subfield code="a">Militärische Planung</subfield><subfield code="0">(DE-588)4169951-8</subfield><subfield code="2">gnd</subfield></datafield><datafield ind1=" " ind2="7" tag="650"><subfield code="a">BIOGRAPHIEN (LEBEN UND WERK)</subfield><subfield code="9">ger</subfield><subfield code="0">(ETHUDK)000036789</subfield><subfield code="2">ethudk</subfield></datafield><datafield ind1=" " ind2="7" tag="650"><subfield code="a">GESCHICHTE DER INDUSTRIE</subfield><subfield code="9">ger</subfield><subfield code="0">(ETHUDK)000046672</subfield><subfield code="2">ethudk</subfield></datafield><datafield ind1=" " ind2="7" tag="650"><subfield code="a">GESCHICHTE DER WAFFEN + GESCHICHTE DER WEHRTECHNIK + GESCHICHTE DER WAFFENINDUSTRIE</subfield><subfield code="9">ger</subfield><subfield code="0">(ETHUDK)000049884</subfield><subfield code="2">ethudk</subfield></datafield><datafield ind1=" " ind2="7" tag="650"><subfield code="a">MILITÄRGESCHICHTE + KRIEGSGESCHICHTE</subfield><subfield code="9">ger</subfield><subfield code="0">(ETHUDK)000011813</subfield><subfield code="2">ethudk</subfield></datafield><datafield ind1=" " ind2="7" tag="650"><subfield code="a">MILITÄRISCHE LOGISTIK + ALLGEMEINE FELDDIENSTE</subfield><subfield code="9">ger</subfield><subfield code="0">(ETHUDK)000011787</subfield><subfield code="2">ethudk</subfield></datafield><datafield ind1=" " ind2="7" tag="650"><subfield code="a">SCHWEIZ (MITTELEUROPA). SCHWEIZERISCHE EIDGENOSSENSCHAFT</subfield><subfield code="9">ger</subfield><subfield code="0">(ETHUDK)000004571</subfield><subfield code="2">ethudk</subfield></datafield><datafield ind1=" " ind2="7" tag="650"><subfield code="a">Génie militaire</subfield><subfield code="0">(IDREF)027817075</subfield><subfield code="2">idref</subfield></datafield><datafield ind1=" " ind2="7" tag="650"><subfield code="a">Armes</subfield><subfield code="0">(IDREF)027269973</subfield><subfield code="2">idref</subfield></datafield><datafield ind1=" " ind2="7" tag="650"><subfield code="a">Armuriers</subfield><subfield code="0">(IDREF)02773899X</subfield><subfield code="2">idref</subfield></datafield><datafield ind1=" " ind2="7" tag="650"><subfield code="a">18e siècle (fin)-19e siècle</subfield><subfield code="0">(RERO)A023193685</subfield><subfield code="2">rero</subfield></datafield><datafield ind1=" " ind2="7" tag="650"><subfield code="a">Waffentechnik</subfield><subfield code="0">(DE-588)4188896-0</subfield><subfield code="2">gnd</subfield></datafield><datafield ind1=" " ind2="0" tag="650"><subfield code="a">Generals</subfield><subfield code="z">Switzerland</subfield><subfield code="x">History</subfield></datafield><datafield ind1=" " ind2="0" tag="650"><subfield code="a">Military art and science</subfield><subfield code="z">Switzerland</subfield><subfield code="x">History</subfield></datafield><datafield ind1=" " ind2="0" tag="650"><subfield code="a">Military weapons</subfield><subfield code="z">Switzerland</subfield><subfield code="x">History</subfield></datafield><datafield ind1=" " ind2="7" tag="651"><subfield code="a">Suisse</subfield><subfield code="0">(IDREF)027249654</subfield><subfield code="2">idref</subfield></datafield><datafield ind1=" " ind2="7" tag="651"><subfield code="a">Schweiz</subfield><subfield code="0">(DE-588)4053881-3</subfield><subfield code="2">gnd</subfield></datafield><datafield ind1=" " ind2=" " tag="690"><subfield code="a">Lehre; Kaiser; König; Waffe; Offizier; Erfinder; Dampfmaschine; Logistik; Zar; Auswanderung; Beförderung; Degen; Publikation; General; Napoleon; Architektur; Erfindung; Autor; Begründer; Planer; Regionalplanung; Bibliographie; Buch; Technik; Arbeit; Krieg; Maler; Rückzug; Welt; Aufbau; Demission; Feder; Idee; Illusion; Leben; Rohr; Zeitschrift; Augustus; Bauer; Charles; Donator; Handwerksberuf; Nachweis; Paris; Patentschrift; Privatschule; Redaktion; Beresina; Division; Feld; Jugendzeit; Revolutionär; Schweiz; Stadt; Väter</subfield><subfield code="2">idssg-J</subfield></datafield><datafield ind1=" " ind2=" " tag="690"><subfield code="a">Logistiklehre; Banklehre; Büchsenmacher; Divisionsgeneral; Stadtplaner; Waffenerfindung; Weltruf; Artilleriegeschütz; Bohrtechnik; Familienleben; Feldzeugwart; Geschützrohr; Planungszeitschrift; Russlandfeldzug; Aarauer; Bildnachweis; Bohrverfahren; Buchhinweis; Gießerdynastie; Gießkunst; Kupferzündhütchen; Paulihinterladersystem; Selbstzünder; Städtebauer; Weggefährt; Zeitzeugnis; Zylinderbohrung</subfield><subfield code="2">idssg-J</subfield></datafield><datafield ind1=" " ind2=" " tag="690"><subfield code="a">erste Arbeit; diverser Preis; genialer Büchsenmacher; logistische Arbeit; mehrjähriger Aufenthalt; messbare Welt; neues Bohrverfahren; schweizer Zeitgenosse; technischhistorischer Bereich; verschiedene Veröffentlichung; vielfältige Gießkunst; vorübergehende Beförderung; vorübergehende Demission; zivile Logistik</subfield><subfield code="2">idssg-J</subfield></datafield><datafield ind1=" " ind2=" " tag="690"><subfield code="a">Schweiz C4EXSI; Welt C00WOR; Frankreich C4EUFR; Vereinigte Staaten C1USA; Russland C4EXRU; Weißrussland C4EXBE</subfield><subfield code="2">idssg-J</subfield></datafield><datafield ind1=" " ind2=" " tag="690"><subfield code="a">Antoine Henri Jomini; Augustus Leopold Egg; Auswanderung Jugendzeit Privatschule; Beförderung Jomini Vater; Buch Messbare Welten; Büchsenmacher Zeitzeugnisse Jean Joseph Egg Erfinder; Charles Dickens; Ferdinand Rudolf Hassler; Gießerdynastie Maritz Revolutionäre Bohrtechnik; Gießkunst Jean Maritz Zylinderbohrung; Hans Degen; Jean Joseph Egg; Johannes Maritz; Kaiser UND; Kupferzündhütchen Augustus Leopold Egg Maler; König Waffentechniker; Napoleon Verteidigungsstrategien; Samuel Johann Pauli; Samuel Maritz; Schweiz Vorübergehende Demission; Zar Jomini</subfield><subfield code="2">idssg-J</subfield></datafield><datafield ind1=" " ind2=" " tag="691"><subfield code="e">2.11.2.2 Pauli, Samuel Johann (1766-1821)</subfield><subfield code="2">ube-GA</subfield></datafield><datafield ind1=" " ind2=" " tag="830"><subfield code="a">Schweizer Pioniere der Wirtschaft und Technik</subfield><subfield code="v">107</subfield><subfield code="w">(IDSSG)000004565HSB01</subfield></datafield><datafield ind1="4" ind2=" " tag="856"><subfield code="3">Titelblatt und Inhaltsverzeichnis</subfield><subfield code="u">https://toc.library.ethz.ch/objects/pdf03/z01_978-3-909059-70-6_01.pdf</subfield><subfield code="q">pdf</subfield></datafield><datafield ind1=" " ind2=" " tag="900"><subfield code="a">IDSZ2zbzmon201711l</subfield><subfield code="c">IDSZ2koho</subfield><subfield code="d">IDSZ2zbzswk201711g</subfield><subfield code="e">IDSZ2erbe</subfield></datafield><datafield ind1=" " ind2=" " tag="900"><subfield code="a">IDSE5E51ANH-2016</subfield></datafield><datafield ind1=" " ind2=" " tag="900"><subfield code="a">IDSE5E19ANH-2017</subfield></datafield><datafield ind1=" " ind2=" " tag="900"><subfield code="a">REROnoselfmerge</subfield></datafield><datafield ind1=" " ind2=" " tag="900"><subfield code="a">IDSDSStoppsignal FRED</subfield></datafield><datafield ind1=" " ind2=" " tag="949"><subfield code="a">https://toc.library.ethz.ch/objects/pdf03/z01_978-3-909059-70-6_01.pdf</subfield></datafield></record>
</metadata></record>