<record><header><identifier>oai:alma.41SLSP_UGE:991000774419705502</identifier><datestamp>2023-03-29T00:15:40Z</datestamp><setSpec>uge_bcen_RapidILL_BOOK</setSpec><setSpec>uge_aaca_RapidILL_BOOK</setSpec><setSpec>uge_abels_RapidILL_BOOK</setSpec><setSpec>uge_dbu_RapidILL_BOOK</setSpec><setSpec>uge_cmu_RapidILL_BOOK</setSpec><setSpec>uge_mail_RapidILL_BOOK</setSpec><setSpec>uge_abbat_RapidILL_BOOK</setSpec><setSpec>UNIGE_ALL</setSpec><setSpec>uge_aobs_RapidILL_BOOK</setSpec><setSpec>uge_acar_RapidILL_BOOK</setSpec></header><metadata>
<record xmlns="http://www.loc.gov/MARC21/slim" xmlns:xsi="http://www.w3.org/2001/XMLSchema-instance" xsi:schemaLocation="http://www.loc.gov/MARC21/slim http://www.loc.gov/standards/marcxml/schema/MARC21slim.xsd"><leader>03751nam a2200661 c 4500</leader><controlfield tag="001">991000774419705502</controlfield><controlfield tag="005">20230328195953.0</controlfield><controlfield tag="008">201012s2013    xxu||||| |||| 00| ||eng d</controlfield><datafield ind1=" " ind2=" " tag="010"><subfield code="a">2013003842</subfield></datafield><datafield ind1=" " ind2=" " tag="020"><subfield code="a">9781451105636</subfield><subfield code="c">(alk. paper)</subfield></datafield><datafield ind1=" " ind2=" " tag="020"><subfield code="a">1451105630</subfield></datafield><datafield ind1="7" ind2=" " tag="024"><subfield code="a">http://catalogue.bnf.fr/ark:/12148/cb43660474t</subfield><subfield code="2">uri</subfield></datafield><datafield ind1=" " ind2=" " tag="035"><subfield code="a">(swissbib)242843220-41slsp_network</subfield></datafield><datafield ind1=" " ind2=" " tag="035"><subfield code="a">242843220</subfield><subfield code="9">ExL</subfield></datafield><datafield ind1=" " ind2=" " tag="035"><subfield code="a">(RERO)R007445127-41slsp</subfield></datafield><datafield ind1=" " ind2=" " tag="035"><subfield code="a">(NEBIS)009754192EBI01</subfield></datafield><datafield ind1=" " ind2=" " tag="035"><subfield code="a">(OCoLC)825740706</subfield></datafield><datafield ind1=" " ind2=" " tag="035"><subfield code="a">(EXLNZ-41SLSP_NETWORK)991074497089705501</subfield></datafield><datafield ind1=" " ind2=" " tag="040"><subfield code="a">RERO geucmu</subfield><subfield code="d">CH-ZuSLS</subfield></datafield><datafield ind1=" " ind2=" " tag="050"><subfield code="a">QR360</subfield></datafield><datafield ind1=" " ind2=" " tag="060"><subfield code="a">QW 160</subfield></datafield><datafield ind1=" " ind2="7" tag="072"><subfield code="a">me</subfield><subfield code="2">rero</subfield></datafield><datafield ind1=" " ind2="7" tag="072"><subfield code="a">bi</subfield><subfield code="2">rero</subfield></datafield><datafield ind1="0" ind2="4" tag="082"><subfield code="a">616.9/101</subfield><subfield code="2">23</subfield></datafield><datafield ind1="0" ind2="0" tag="245"><subfield code="a">Fields virology</subfield><subfield code="c">ed.-in-chief David M. Knipe ... [et al.]</subfield></datafield><datafield ind1="1" ind2=" " tag="246"><subfield code="a">Virology</subfield></datafield><datafield ind1=" " ind2=" " tag="250"><subfield code="a">6th ed.</subfield></datafield><datafield ind1=" " ind2="1" tag="264"><subfield code="a">Philadelphia</subfield><subfield code="b">Wolters Kluwer Health/Lippincott Williams &amp; Wilkins</subfield><subfield code="c">2013</subfield></datafield><datafield ind1=" " ind2=" " tag="300"><subfield code="a">2 vol. (2456 p.)</subfield><subfield code="b">ill.</subfield></datafield><datafield ind1=" " ind2=" " tag="336"><subfield code="b">txt</subfield><subfield code="2">rdacontent</subfield></datafield><datafield ind1=" " ind2=" " tag="337"><subfield code="b">n</subfield><subfield code="2">rdamedia</subfield></datafield><datafield ind1=" " ind2=" " tag="338"><subfield code="b">nc</subfield><subfield code="2">rdacarrier</subfield></datafield><datafield ind1=" " ind2=" " tag="504"><subfield code="a">Includes bibliographical references and index</subfield></datafield><datafield ind1="0" ind2=" " tag="505"><subfield code="a">[Contents]. - Principles of Virology. - Principles of Virus Structure. - Kaposis SarcomaAssociated Herpesvirus 2847. - Adenoviruses 2395. - Parvoviridae Cristoph Seeger Fabien Zoulim and William S Mason. - Clarence Peters. - Harrison 19 Viruses That Infect Protists. - Virus Entry and Uncoating 99 Jiames L van Etten. - Virus Replication Strategies 119 Sandra D Lazarowitz. - Viral Conquest of the Host Cell 169 and Unicellular Organisms. - Cell Transformation by Viruses 209 23 Bacteriophages. - The Viruses and Their. - Epidemiology 423 Echoviruses and Newer Enteroviruses. - Antiviral Agents 447 26 Rhinoviruses. - Immunization Against Viral Diseases 487 27 Hepatitis A Virus. - Coronoviridae and Ateriviridae. - Ernesto Mendez and Carlos F Arias 37 Arteriviruses. - The Viruses and Their 38 Mononegavirales. - Alphaviruses 1023 39 Rhabdoviridae. - Rubella Virus 1069 Filoviridae. - Paramyxoviridae. - Flaviviruses 1153 Robert A Lamb and Griffith D Parks. - Hepatitis C Virus 1253 Ruth A Karron and Peter L Collins. - Herpes Simplex Viruses 2501 StanleyB Prusiner. - Measles Virus 1551. - Bunyaviridae 1741 Replication 1999</subfield></datafield><datafield ind1=" " ind2="2" tag="650"><subfield code="a">Virus Diseases</subfield></datafield><datafield ind1=" " ind2="2" tag="650"><subfield code="a">Viruses</subfield></datafield><datafield ind1=" " ind2="7" tag="650"><subfield code="a">Viroses</subfield><subfield code="0">(IDREF)027302334</subfield><subfield code="2">idref</subfield></datafield><datafield ind1=" " ind2="7" tag="650"><subfield code="a">Virus</subfield><subfield code="0">(IDREF)027314197</subfield><subfield code="2">idref</subfield></datafield><datafield ind1=" " ind2="7" tag="650"><subfield code="a">Virologie</subfield><subfield code="0">(IDREF)027334139</subfield><subfield code="2">idref</subfield></datafield><datafield ind1=" " ind2="7" tag="650"><subfield code="a">Virologie</subfield><subfield code="0">(DE-588)4063597-1</subfield><subfield code="2">gnd</subfield></datafield><datafield ind1=" " ind2="7" tag="650"><subfield code="a">Virusinfektion</subfield><subfield code="0">(DE-588)4188401-2</subfield><subfield code="2">gnd</subfield></datafield><datafield ind1=" " ind2="2" tag="650"><subfield code="a">Viruses</subfield><subfield code="0">(DNLM)D014780</subfield></datafield><datafield ind1=" " ind2="2" tag="650"><subfield code="a">Virus Diseases</subfield><subfield code="0">(DNLM)D014777</subfield></datafield><datafield ind1=" " ind2="7" tag="650"><subfield code="a">LEHRBÜCHER (DOKUMENTENTYP)</subfield><subfield code="9">ger</subfield><subfield code="0">(ETHUDK)000000099</subfield><subfield code="2">ethudk</subfield></datafield><datafield ind1=" " ind2="7" tag="650"><subfield code="a">MEDIZINISCHE VIROLOGIE (VIROLOGIE)</subfield><subfield code="9">ger</subfield><subfield code="0">(ETHUDK)000023050</subfield><subfield code="2">ethudk</subfield></datafield><datafield ind1=" " ind2="7" tag="650"><subfield code="a">MOLEKULARE VIROLOGIE</subfield><subfield code="9">ger</subfield><subfield code="0">(ETHUDK)000023027</subfield><subfield code="2">ethudk</subfield></datafield><datafield ind1=" " ind2="7" tag="650"><subfield code="a">PATHOGENE VIREN (VIROLOGIE)</subfield><subfield code="9">ger</subfield><subfield code="0">(ETHUDK)000047825</subfield><subfield code="2">ethudk</subfield></datafield><datafield ind1=" " ind2="7" tag="650"><subfield code="a">VIROLOGIE</subfield><subfield code="9">ger</subfield><subfield code="0">(ETHUDK)000023024</subfield><subfield code="2">ethudk</subfield></datafield><datafield ind1=" " ind2="7" tag="655"><subfield code="a">Lehrbuch</subfield><subfield code="2">gnd-content</subfield></datafield><datafield ind1=" " ind2=" " tag="690"><subfield code="a">578</subfield><subfield code="d">Virologie</subfield><subfield code="2">uzb-UK</subfield></datafield><datafield ind1="1" ind2=" " tag="700"><subfield code="a">Fields, Bernard N.</subfield><subfield code="0">(IDREF)085964107</subfield></datafield><datafield ind1="1" ind2=" " tag="700"><subfield code="a">Knipe, David Mahan</subfield><subfield code="d">1950-....</subfield><subfield code="0">(IDREF)032213972</subfield></datafield><datafield ind1="4" ind2=" " tag="856"><subfield code="3">Titelblatt und Inhaltsverzeichnis</subfield><subfield code="u">https://toc.library.ethz.ch/objects/pdf03/z01_978-1-4511-0563-6_01.pdf</subfield><subfield code="q">pdf</subfield></datafield><datafield ind1="4" ind2=" " tag="856"><subfield code="3">Abstract / Autoreninformation</subfield><subfield code="u">https://toc.library.ethz.ch/objects/pdf03/e01_978-1-4511-0563-6_02.pdf</subfield><subfield code="q">pdf</subfield></datafield><datafield ind1=" " ind2=" " tag="900"><subfield code="a">REROnoselfmerge</subfield></datafield><datafield ind1=" " ind2=" " tag="900"><subfield code="a">IDSZ2zbzmon201308f</subfield><subfield code="c">IDSZ2kalh</subfield><subfield code="d">IDSZ2zbzswk201308g</subfield><subfield code="e">IDSZ2lehh</subfield></datafield><datafield ind1=" " ind2=" " tag="911"><subfield code="a">700</subfield><subfield code="a">Knipe, David M</subfield><subfield code="q">David Mahan</subfield><subfield code="d">1950-</subfield></datafield><datafield ind1=" " ind2=" " tag="949"><subfield code="a">https://toc.library.ethz.ch/objects/pdf03/z01_978-1-4511-0563-6_01.pdf</subfield></datafield><datafield ind1=" " ind2=" " tag="949"><subfield code="a">https://toc.library.ethz.ch/objects/pdf03/e01_978-1-4511-0563-6_02.pdf</subfield></datafield></record>
</metadata></record>