<record><header><identifier>oai:alma.41SLSP_UGE:991000774109705502</identifier><datestamp>2023-03-01T01:09:56Z</datestamp><setSpec>uge_cmu_RapidILL_JOURNAL</setSpec><setSpec>uge_aobs_RapidILL_JOURNAL</setSpec><setSpec>uge_aaca_RapidILL_JOURNAL</setSpec><setSpec>uge_abbat_RapidILL_JOURNAL</setSpec><setSpec>uge_bcen_RapidILL_JOURNAL</setSpec><setSpec>uge_mail_RapidILL_JOURNAL</setSpec><setSpec>uge_dbu_RapidILL_JOURNAL</setSpec><setSpec>UNIGE_ALL</setSpec><setSpec>uge_abels_RapidILL_JOURNAL</setSpec><setSpec>uge_acar_RapidILL_JOURNAL</setSpec></header><metadata>
<record xmlns="http://www.loc.gov/MARC21/slim" xmlns:xsi="http://www.w3.org/2001/XMLSchema-instance" xsi:schemaLocation="http://www.loc.gov/MARC21/slim http://www.loc.gov/standards/marcxml/schema/MARC21slim.xsd"><leader>02025nas a2200469 c 4500</leader><controlfield tag="001">991000774109705502</controlfield><controlfield tag="005">20230119193206.0</controlfield><controlfield tag="008">000830d19982015sz || p|  ||| 0    0fre d</controlfield><datafield ind1=" " ind2=" " tag="022"><subfield code="a">1424-4764</subfield></datafield><datafield ind1=" " ind2=" " tag="035"><subfield code="a">(swissbib)093965745-41slsp_network</subfield></datafield><datafield ind1=" " ind2=" " tag="035"><subfield code="a">093965745</subfield><subfield code="9">ExL</subfield></datafield><datafield ind1=" " ind2=" " tag="035"><subfield code="a">(RERO)R241302060-41slsp</subfield></datafield><datafield ind1=" " ind2=" " tag="035"><subfield code="a">(EXLNZ-41SLSP_NETWORK)991156740809705501</subfield></datafield><datafield ind1=" " ind2=" " tag="040"><subfield code="a">RERO nebpun</subfield><subfield code="d">CH-ZuSLS</subfield></datafield><datafield ind1=" " ind2=" " tag="044"><subfield code="a">sz</subfield><subfield code="c">ch-ne</subfield><subfield code="a">sz</subfield><subfield code="c">ch-vd</subfield></datafield><datafield ind1=" " ind2="7" tag="072"><subfield code="a">zo</subfield><subfield code="2">rero</subfield></datafield><datafield ind1=" " ind2="7" tag="072"><subfield code="a">bo</subfield><subfield code="2">rero</subfield></datafield><datafield ind1="0" ind2="0" tag="245"><subfield code="a">&lt;&lt;La&gt;&gt; petite salamandre</subfield></datafield><datafield ind1="1" ind2=" " tag="246"><subfield code="a">Petite salamandre</subfield><subfield code="b">la revue des enfants curieux de nature : 6-10 ans</subfield></datafield><datafield ind1=" " ind2="1" tag="264"><subfield code="a">Neuchâtel</subfield><subfield code="b">Julien Perrot</subfield></datafield><datafield ind1=" " ind2=" " tag="336"><subfield code="b">txt</subfield><subfield code="2">rdacontent</subfield></datafield><datafield ind1=" " ind2=" " tag="337"><subfield code="b">n</subfield><subfield code="2">rdamedia</subfield></datafield><datafield ind1=" " ind2=" " tag="338"><subfield code="b">nc</subfield><subfield code="2">rdacarrier</subfield></datafield><datafield ind1="0" ind2=" " tag="362"><subfield code="a">No 1(déc. 1998/janv. 1999)-no 100(juin/juillet 2015)</subfield></datafield><datafield ind1=" " ind2=" " tag="385"><subfield code="a">Harmos1</subfield><subfield code="2">rero</subfield></datafield><datafield ind1=" " ind2=" " tag="385"><subfield code="a">Harmos2</subfield><subfield code="2">rero</subfield></datafield><datafield ind1=" " ind2=" " tag="385"><subfield code="a">Harmos3</subfield><subfield code="2">rero</subfield></datafield><datafield ind1=" " ind2=" " tag="385"><subfield code="a">Harmos4</subfield><subfield code="2">rero</subfield></datafield><datafield ind1=" " ind2=" " tag="500"><subfield code="a">Imprimé à Montreux depuis 1999, puis par: Simongraphic, Ornans (France)</subfield></datafield><datafield ind1=" " ind2=" " tag="500"><subfield code="a">A partir du No 81, avril-mai 2012, le format s'agrandit</subfield></datafield><datafield ind1=" " ind2=" " tag="500"><subfield code="a">Le premier numéro est publié sans le sous-titre: La revue des enfants curieux de nature : 6-10 ans</subfield></datafield><datafield ind1="8" ind2=" " tag="520"><subfield code="a">Sujets d'étude de la nature. Illustrations couleurs, cartes détachables.</subfield><subfield code="5">RERO/frvhep/09.2011</subfield></datafield><datafield ind1=" " ind2=" " tag="580"><subfield code="a">Supplément de: La Salamandre</subfield></datafield><datafield ind1=" " ind2=" " tag="580"><subfield code="a">A pour supplément: Le petit vadrouilleur</subfield></datafield><datafield ind1=" " ind2=" " tag="580"><subfield code="a">Devient par scission: Salamandre junior. Et: Petite salamandre : la revue des enfants curieux de nature : 4-7 ans</subfield></datafield><datafield ind1=" " ind2="7" tag="650"><subfield code="a">Sciences naturelles</subfield><subfield code="0">(IDREF)027248313</subfield><subfield code="2">idref</subfield></datafield><datafield ind1=" " ind2="7" tag="655"><subfield code="a">Périodiques</subfield><subfield code="0">(IDREF)02724640X</subfield><subfield code="2">idref</subfield></datafield><datafield ind1="0" ind2=" " tag="772"><subfield code="t">Salamandre : la revue des curieux de nature</subfield></datafield><datafield ind1="0" ind2="0" tag="785"><subfield code="t">Salamandre junior : la revue des explorateurs nature : 8-12 ans</subfield><subfield code="w">(RERO)R008220132-41slsp</subfield></datafield><datafield ind1="0" ind2=" " tag="770"><subfield code="t">Petit vadrouilleur</subfield><subfield code="w">(RERO)R004105765-41slsp</subfield></datafield><datafield ind1="0" ind2="0" tag="785"><subfield code="t">Petite salamandre : la revue des enfants curieux de nature : 4-7 ans</subfield><subfield code="w">(RERO)R009091504-41slsp</subfield></datafield><datafield ind1="4" ind2="2" tag="856"><subfield code="3">Complément</subfield><subfield code="u">http://www.salamandre.ch/</subfield></datafield><datafield ind1=" " ind2=" " tag="900"><subfield code="a">REROnoselfmerge</subfield></datafield></record>
</metadata></record>