<record><header><identifier>oai:alma.41SLSP_UGE:991000774509705502</identifier><datestamp>2023-05-08T00:11:17Z</datestamp><setSpec>uge_bcen_RapidILL_BOOK</setSpec><setSpec>uge_aaca_RapidILL_BOOK</setSpec><setSpec>uge_abels_RapidILL_BOOK</setSpec><setSpec>uge_dbu_RapidILL_BOOK</setSpec><setSpec>uge_cmu_RapidILL_BOOK</setSpec><setSpec>uge_mail_RapidILL_BOOK</setSpec><setSpec>uge_abbat_RapidILL_BOOK</setSpec><setSpec>UNIGE_ALL</setSpec><setSpec>uge_aobs_RapidILL_BOOK</setSpec><setSpec>uge_acar_RapidILL_BOOK</setSpec></header><metadata>
<record xmlns="http://www.loc.gov/MARC21/slim" xmlns:xsi="http://www.w3.org/2001/XMLSchema-instance" xsi:schemaLocation="http://www.loc.gov/MARC21/slim http://www.loc.gov/standards/marcxml/schema/MARC21slim.xsd"><leader>01647nam a2200421 c 4500</leader><controlfield tag="001">991000774509705502</controlfield><controlfield tag="005">20230315210713.0</controlfield><controlfield tag="008">201011s2000    ne ||||| |||| 00| ||eng d</controlfield><datafield ind1=" " ind2=" " tag="020"><subfield code="a">079236399X</subfield><subfield code="q">hb</subfield></datafield><datafield ind1=" " ind2=" " tag="020"><subfield code="a">1402009429</subfield><subfield code="q">pb</subfield></datafield><datafield ind1=" " ind2=" " tag="020"><subfield code="a">0306472201</subfield><subfield code="q">electronic</subfield></datafield><datafield ind1=" " ind2=" " tag="035"><subfield code="a">(swissbib)216315670-41slsp_network</subfield></datafield><datafield ind1=" " ind2=" " tag="035"><subfield code="a">216315670</subfield><subfield code="9">ExL</subfield></datafield><datafield ind1=" " ind2=" " tag="035"><subfield code="a">(RERO)R278449460-41slsp</subfield></datafield><datafield ind1=" " ind2=" " tag="035"><subfield code="a">(NEBIS)004475166EBI01</subfield></datafield><datafield ind1=" " ind2=" " tag="035"><subfield code="a">(EXLNZ-41SLSP_NETWORK)991098612199705501</subfield></datafield><datafield ind1=" " ind2=" " tag="040"><subfield code="a">RERO geussm</subfield><subfield code="d">CH-ZuSLS</subfield></datafield><datafield ind1=" " ind2="7" tag="072"><subfield code="a">ma</subfield><subfield code="2">rero</subfield></datafield><datafield ind1=" " ind2=" " tag="084"><subfield code="a">00.70</subfield><subfield code="2">msc</subfield></datafield><datafield ind1="0" ind2="0" tag="245"><subfield code="a">History in mathematics education</subfield><subfield code="b">the ICMI study</subfield><subfield code="c">ed. by John Fauvel and Jan van Maanen</subfield></datafield><datafield ind1=" " ind2="1" tag="264"><subfield code="a">Dordrecht [etc.]</subfield><subfield code="b">Kluwer</subfield><subfield code="c">[2000]</subfield></datafield><datafield ind1=" " ind2="4" tag="264"><subfield code="c">© 2000</subfield></datafield><datafield ind1=" " ind2=" " tag="300"><subfield code="a">XVIII, 437 p.</subfield><subfield code="b">ill.</subfield><subfield code="c">25 cm</subfield></datafield><datafield ind1=" " ind2=" " tag="336"><subfield code="b">txt</subfield><subfield code="2">rdacontent</subfield></datafield><datafield ind1=" " ind2=" " tag="337"><subfield code="b">n</subfield><subfield code="2">rdamedia</subfield></datafield><datafield ind1=" " ind2=" " tag="338"><subfield code="b">nc</subfield><subfield code="2">rdacarrier</subfield></datafield><datafield ind1="1" ind2=" " tag="490"><subfield code="a">New ICMI study series</subfield><subfield code="v">vol. 6</subfield></datafield><datafield ind1="1" ind2=" " tag="490"><subfield code="a">New ICMI studies series</subfield><subfield code="v">vol. 6</subfield></datafield><datafield ind1=" " ind2="7" tag="650"><subfield code="a">Mathématiques</subfield><subfield code="0">(IDREF)02723875X</subfield><subfield code="2">idref</subfield></datafield><datafield ind1=" " ind2="7" tag="650"><subfield code="a">Histoire</subfield><subfield code="0">(IDREF)02726470X</subfield><subfield code="2">idref</subfield></datafield><datafield ind1=" " ind2="7" tag="650"><subfield code="a">Éducation</subfield><subfield code="0">(IDREF)027555100</subfield><subfield code="2">idref</subfield></datafield><datafield ind1=" " ind2="7" tag="650"><subfield code="a">Éducation comparée</subfield><subfield code="0">(IDREF)027308979</subfield><subfield code="2">idref</subfield></datafield><datafield ind1=" " ind2="7" tag="650"><subfield code="a">MATHEMATIK/UNTERRICHTS- UND STUDIENFÄCHER (FACHUNTERRICHT)</subfield><subfield code="9">ger</subfield><subfield code="0">(ETHUDK)000012158</subfield><subfield code="2">ethudk</subfield></datafield><datafield ind1=" " ind2="7" tag="650"><subfield code="a">MATHEMATIKGESCHICHTE</subfield><subfield code="9">ger</subfield><subfield code="0">(ETHUDK)000041256</subfield><subfield code="2">ethudk</subfield></datafield><datafield ind1="1" ind2=" " tag="700"><subfield code="a">Fauvel, John</subfield><subfield code="d">1947-2001</subfield><subfield code="0">(IDREF)032190042</subfield></datafield><datafield ind1="4" ind2=" " tag="856"><subfield code="3">Abstract / Autoreninformation</subfield><subfield code="u">https://toc.library.ethz.ch/objects/pdf/000073705_e01_1402009429_02.pdf</subfield><subfield code="q">pdf</subfield></datafield><datafield ind1=" " ind2=" " tag="830"><subfield code="a">New ICMI studies series</subfield><subfield code="v">6</subfield><subfield code="w">(NEBIS)001898788EBI01</subfield></datafield><datafield ind1=" " ind2=" " tag="830"><subfield code="a">New ICMI study series</subfield><subfield code="v">6</subfield><subfield code="w">(RERO)R238180560-41slsp</subfield></datafield><datafield ind1=" " ind2=" " tag="900"><subfield code="a">REROnoselfmerge</subfield></datafield></record>
</metadata></record>