<record><header><identifier>oai:alma.41SLSP_UGE:991000774089705502</identifier><datestamp>2023-03-01T01:09:56Z</datestamp><setSpec>uge_bcen_RapidILL_BOOK</setSpec><setSpec>uge_aaca_RapidILL_BOOK</setSpec><setSpec>uge_abels_RapidILL_BOOK</setSpec><setSpec>uge_dbu_RapidILL_BOOK</setSpec><setSpec>uge_cmu_RapidILL_BOOK</setSpec><setSpec>uge_mail_RapidILL_BOOK</setSpec><setSpec>UNIGE_ALL</setSpec><setSpec>uge_abbat_RapidILL_BOOK</setSpec><setSpec>uge_aobs_RapidILL_BOOK</setSpec><setSpec>uge_acar_RapidILL_BOOK</setSpec></header><metadata>
<record xmlns="http://www.loc.gov/MARC21/slim" xmlns:xsi="http://www.w3.org/2001/XMLSchema-instance" xsi:schemaLocation="http://www.loc.gov/MARC21/slim http://www.loc.gov/standards/marcxml/schema/MARC21slim.xsd"><leader>01354nam a2200373uc 4500</leader><controlfield tag="001">991000774089705502</controlfield><controlfield tag="005">20201229234153.0</controlfield><controlfield tag="008">201011s1980    gw ||||| |||| 00| ||mul d</controlfield><datafield ind1=" " ind2=" " tag="020"><subfield code="a">3774916934</subfield></datafield><datafield ind1="7" ind2=" " tag="024"><subfield code="a">http://catalogue.bnf.fr/ark:/12148/cb35654507w</subfield><subfield code="2">uri</subfield></datafield><datafield ind1=" " ind2=" " tag="035"><subfield code="a">(swissbib)213038722-41slsp_network</subfield></datafield><datafield ind1=" " ind2=" " tag="035"><subfield code="a">213038722</subfield><subfield code="9">ExL</subfield></datafield><datafield ind1=" " ind2=" " tag="035"><subfield code="a">(IDSBB)000639211DSV01</subfield></datafield><datafield ind1=" " ind2=" " tag="035"><subfield code="a">(RERO)0293084-41slsp</subfield></datafield><datafield ind1=" " ind2=" " tag="035"><subfield code="a">(EXLNZ-41SLSP_NETWORK)991086430909705501</subfield></datafield><datafield ind1=" " ind2=" " tag="040"><subfield code="a">SzZuIDS BS/BE B400</subfield><subfield code="b">ger</subfield><subfield code="e">kids</subfield><subfield code="d">CH-ZuSLS</subfield></datafield><datafield ind1="0" ind2=" " tag="041"><subfield code="a">ger</subfield><subfield code="a">grc</subfield><subfield code="a">lat</subfield></datafield><datafield ind1=" " ind2="7" tag="072"><subfield code="a">ha</subfield><subfield code="2">rero</subfield></datafield><datafield ind1=" " ind2="7" tag="072"><subfield code="a">gr</subfield><subfield code="2">rero</subfield></datafield><datafield ind1="1" ind2=" " tag="080"><subfield code="a">930.271(392)</subfield></datafield><datafield ind1=" " ind2=" " tag="084"><subfield code="a">ND 4220</subfield><subfield code="2">rvk</subfield></datafield><datafield ind1="0" ind2="0" tag="245"><subfield code="a">Nr. 1446-2000 (Repertorium)</subfield><subfield code="c">hrsg. von Christoph Börker ... [et al.]</subfield></datafield><datafield ind1=" " ind2="1" tag="264"><subfield code="c">1980</subfield></datafield><datafield ind1=" " ind2=" " tag="300"><subfield code="a">VIII, 306 p.</subfield><subfield code="b">fig.</subfield><subfield code="c">30 cm</subfield></datafield><datafield ind1=" " ind2=" " tag="336"><subfield code="b">txt</subfield><subfield code="2">rdacontent</subfield></datafield><datafield ind1=" " ind2=" " tag="337"><subfield code="b">n</subfield><subfield code="2">rdamedia</subfield></datafield><datafield ind1=" " ind2=" " tag="338"><subfield code="b">nc</subfield><subfield code="2">rdacarrier</subfield></datafield><datafield ind1="1" ind2=" " tag="490"><subfield code="a">Die Inschriften von Ephesos</subfield><subfield code="v">Tl. 5</subfield></datafield><datafield ind1="1" ind2=" " tag="490"><subfield code="a">Inschriften griechischer Städte aus Kleinasien</subfield><subfield code="v">Bd. 15</subfield></datafield><datafield ind1="1" ind2=" " tag="700"><subfield code="a">Börker, Christoph</subfield><subfield code="0">(IDREF)028431413</subfield></datafield><datafield ind1="1" ind2=" " tag="700"><subfield code="a">Merkelbach, Reinhold</subfield><subfield code="d">1918-2006</subfield><subfield code="0">(IDREF)028410513</subfield></datafield><datafield ind1=" " ind2=" " tag="830"><subfield code="a">Inschriften Griechischer Staedte aus Kleinasien</subfield><subfield code="v">15</subfield><subfield code="w">(RERO)0044502-41slsp</subfield></datafield><datafield ind1=" " ind2=" " tag="830"><subfield code="a">&lt;&lt;Die&gt;&gt; Inschriften von Ephesos</subfield><subfield code="v">5</subfield><subfield code="w">(IDSBB)000108673DSV01</subfield></datafield><datafield ind1=" " ind2=" " tag="830"><subfield code="a">Inschriften griechischer Städte aus Kleinasien</subfield><subfield code="v">15</subfield><subfield code="w">(IDSBB)000108674DSV01</subfield></datafield><datafield ind1=" " ind2=" " tag="900"><subfield code="a">REROnoselfmerge</subfield></datafield></record>
</metadata></record>