<record><header><identifier>oai:alma.41SLSP_UGE:991000774619705502</identifier><datestamp>2023-06-30T00:17:54Z</datestamp><setSpec>uge_bcen_RapidILL_BOOK</setSpec><setSpec>uge_aaca_RapidILL_BOOK</setSpec><setSpec>uge_abels_RapidILL_BOOK</setSpec><setSpec>uge_dbu_RapidILL_BOOK</setSpec><setSpec>uge_cmu_RapidILL_BOOK</setSpec><setSpec>uge_mail_RapidILL_BOOK</setSpec><setSpec>uge_abbat_RapidILL_BOOK</setSpec><setSpec>UNIGE_ALL</setSpec><setSpec>uge_acar_RapidILL_BOOK</setSpec><setSpec>uge_aobs_RapidILL_BOOK</setSpec></header><metadata>
<record xmlns="http://www.loc.gov/MARC21/slim" xmlns:xsi="http://www.w3.org/2001/XMLSchema-instance" xsi:schemaLocation="http://www.loc.gov/MARC21/slim http://www.loc.gov/standards/marcxml/schema/MARC21slim.xsd"><leader>02121naa a2200397 c 4500</leader><controlfield tag="001">991000774619705502</controlfield><controlfield tag="005">20230629194400.0</controlfield><controlfield tag="008">101013s2010    sz ||||| |||| 01| ||ger d</controlfield><datafield ind1=" " ind2=" " tag="035"><subfield code="a">(swissbib)110996313-41slsp_network</subfield></datafield><datafield ind1=" " ind2=" " tag="035"><subfield code="a">110996313</subfield><subfield code="9">ExL</subfield></datafield><datafield ind1=" " ind2=" " tag="035"><subfield code="a">(RERO)R005675740-41slsp</subfield></datafield><datafield ind1=" " ind2=" " tag="035"><subfield code="a">(EXLNZ-41SLSP_NETWORK)991021413499705501</subfield></datafield><datafield ind1=" " ind2=" " tag="040"><subfield code="a">RERO geubfd</subfield><subfield code="d">CH-ZuSLS</subfield></datafield><datafield ind1=" " ind2=" " tag="044"><subfield code="a">sz</subfield><subfield code="c">ch-zh</subfield></datafield><datafield ind1=" " ind2="7" tag="072"><subfield code="a">dr</subfield><subfield code="2">rero</subfield></datafield><datafield ind1=" " ind2=" " tag="084"><subfield code="a">CA/CH 83 i</subfield><subfield code="2">cjurrom</subfield></datafield><datafield ind1="1" ind2=" " tag="100"><subfield code="a">Metzler, Martin</subfield><subfield code="0">(RERO)A003588302</subfield><subfield code="4">cre</subfield></datafield><datafield ind1="1" ind2="0" tag="245"><subfield code="a">&lt;&lt;Die&gt;&gt; substitutionelle Regulierung</subfield><subfield code="c">Martin Metzler</subfield></datafield><datafield ind1=" " ind2=" " tag="336"><subfield code="b">txt</subfield><subfield code="2">rdacontent</subfield></datafield><datafield ind1=" " ind2=" " tag="337"><subfield code="b">n</subfield><subfield code="2">rdamedia</subfield></datafield><datafield ind1=" " ind2=" " tag="338"><subfield code="b">nc</subfield><subfield code="2">rdacarrier</subfield></datafield><datafield ind1=" " ind2=" " tag="500"><subfield code="a">Deutscher Text mit Zusfassung in Deutsch und Franz.</subfield></datafield><datafield ind1=" " ind2=" " tag="580"><subfield code="a">In: Schweizerische Gesellschaft für Haftpflicht- und Versicherungsrecht - Festschrift zum fünfzigjährigen Bestehen. - Zürich : Schulthess, 2010. - P. 381-398</subfield></datafield><datafield ind1=" " ind2="7" tag="650"><subfield code="a">Haftpflichtversicherung</subfield><subfield code="9">ger</subfield><subfield code="0">(RERO)jurivoc000010678ger</subfield><subfield code="2">jurivoc</subfield></datafield><datafield ind1=" " ind2="7" tag="650"><subfield code="a">Motorfahrzeug-Haftpflichtversicherung</subfield><subfield code="9">ger</subfield><subfield code="0">(RERO)jurivoc000015365ger</subfield><subfield code="2">jurivoc</subfield></datafield><datafield ind1=" " ind2="7" tag="650"><subfield code="a">Verkehrsunfall</subfield><subfield code="9">ger</subfield><subfield code="0">(RERO)jurivoc000024605ger</subfield><subfield code="2">jurivoc</subfield></datafield><datafield ind1=" " ind2="7" tag="650"><subfield code="a">Subsidiärklausel</subfield><subfield code="9">ger</subfield><subfield code="0">(RERO)jurivoc000021995ger</subfield><subfield code="2">jurivoc</subfield></datafield><datafield ind1=" " ind2="7" tag="650"><subfield code="a">Ersatzmann</subfield><subfield code="9">ger</subfield><subfield code="0">(RERO)jurivoc000007412ger</subfield><subfield code="2">jurivoc</subfield></datafield><datafield ind1=" " ind2="7" tag="650"><subfield code="a">Sicherheitsfonds</subfield><subfield code="9">ger</subfield><subfield code="0">(RERO)jurivoc000020234ger</subfield><subfield code="2">jurivoc</subfield></datafield><datafield ind1=" " ind2="7" tag="650"><subfield code="a">nationales Versicherungsbüro</subfield><subfield code="9">ger</subfield><subfield code="0">(RERO)jurivoc000015663ger</subfield><subfield code="2">jurivoc</subfield></datafield><datafield ind1=" " ind2="7" tag="650"><subfield code="a">Vorleistungspflicht</subfield><subfield code="9">ger</subfield><subfield code="0">(RERO)jurivoc000025794ger</subfield><subfield code="2">jurivoc</subfield></datafield><datafield ind1=" " ind2="7" tag="650"><subfield code="a">dommage - réparation</subfield><subfield code="0">(RERO)A010074975</subfield><subfield code="2">rerovoc</subfield></datafield><datafield ind1=" " ind2="7" tag="650"><subfield code="a">exécution par substitution</subfield><subfield code="0">(RERO)A010201322</subfield><subfield code="2">rerovoc</subfield></datafield><datafield ind1=" " ind2="7" tag="650"><subfield code="a">Compagnies d'assurances</subfield><subfield code="0">(IDREF)02769030X</subfield><subfield code="2">idref</subfield></datafield><datafield ind1=" " ind2="7" tag="651"><subfield code="a">Schweiz</subfield><subfield code="9">ger</subfield><subfield code="0">(RERO)jurivoc000019912ger</subfield><subfield code="2">jurivoc</subfield></datafield><datafield ind1=" " ind2="7" tag="651"><subfield code="a">Suisse</subfield><subfield code="0">(IDREF)027249654</subfield><subfield code="2">idref</subfield></datafield><datafield ind1="0" ind2=" " tag="773"><subfield code="t">Schweizerische Gesellschaft für Haftpflicht- und Versicherungsrecht - Festschrift zum fünfzigjährigen Bestehen = Société suisse du droit de la responsabilité civile et des assurances - mélanges à l'occasion de son cinquantième anniversaire</subfield><subfield code="g">381</subfield><subfield code="w">(RERO)R005668000-41slsp</subfield></datafield></record>
</metadata></record>