<record><header><identifier>oai:alma.41SLSP_UGE:991000774099705502</identifier><datestamp>2023-04-06T00:09:59Z</datestamp><setSpec>uge_bcen_RapidILL_BOOK</setSpec><setSpec>uge_aaca_RapidILL_BOOK</setSpec><setSpec>uge_abels_RapidILL_BOOK</setSpec><setSpec>uge_dbu_RapidILL_BOOK</setSpec><setSpec>uge_cmu_RapidILL_BOOK</setSpec><setSpec>uge_mail_RapidILL_BOOK</setSpec><setSpec>uge_abbat_RapidILL_BOOK</setSpec><setSpec>UNIGE_ALL</setSpec><setSpec>uge_aobs_RapidILL_BOOK</setSpec><setSpec>uge_acar_RapidILL_BOOK</setSpec></header><metadata>
<record xmlns="http://www.loc.gov/MARC21/slim" xmlns:xsi="http://www.w3.org/2001/XMLSchema-instance" xsi:schemaLocation="http://www.loc.gov/MARC21/slim http://www.loc.gov/standards/marcxml/schema/MARC21slim.xsd"><leader>01796nam a22004217c 4500</leader><controlfield tag="001">991000774099705502</controlfield><controlfield tag="005">20230405193553.0</controlfield><controlfield tag="008">120910m20122017gw ||||| |||| 00| ||ger d</controlfield><datafield ind1=" " ind2=" " tag="020"><subfield code="a">9783487148168</subfield><subfield code="q">Bd. 1</subfield></datafield><datafield ind1=" " ind2=" " tag="020"><subfield code="a">9783487154084</subfield><subfield code="q">Bd. 2</subfield></datafield><datafield ind1=" " ind2=" " tag="020"><subfield code="a">9783487155104</subfield><subfield code="q">Bd. 3</subfield></datafield><datafield ind1=" " ind2=" " tag="020"><subfield code="a">9783487158457</subfield><subfield code="q">Bd. 4</subfield></datafield><datafield ind1=" " ind2=" " tag="035"><subfield code="a">(swissbib)116376066-41slsp_network</subfield></datafield><datafield ind1=" " ind2=" " tag="035"><subfield code="a">116376066</subfield><subfield code="9">ExL</subfield></datafield><datafield ind1=" " ind2=" " tag="035"><subfield code="a">(RERO)R007137572-41slsp</subfield></datafield><datafield ind1=" " ind2=" " tag="035"><subfield code="a">(EXLNZ-41SLSP_NETWORK)991060025769705501</subfield></datafield><datafield ind1=" " ind2=" " tag="040"><subfield code="a">RERO frbcuc</subfield><subfield code="d">CH-ZuSLS</subfield></datafield><datafield ind1=" " ind2="7" tag="072"><subfield code="a">lc</subfield><subfield code="2">rero</subfield></datafield><datafield ind1="0" ind2="0" tag="245"><subfield code="a">Persuasionsstile in Europa</subfield><subfield code="c">Hartmut E.H. Lenk ... [et al.] (Hrsg.)</subfield></datafield><datafield ind1=" " ind2="1" tag="264"><subfield code="a">Hildesheim</subfield><subfield code="b">G. Olms</subfield><subfield code="c">2012-2020</subfield></datafield><datafield ind1=" " ind2=" " tag="300"><subfield code="a">4 Bde.</subfield><subfield code="b">Ill.</subfield></datafield><datafield ind1=" " ind2=" " tag="336"><subfield code="b">txt</subfield><subfield code="2">rdacontent</subfield></datafield><datafield ind1=" " ind2=" " tag="337"><subfield code="b">n</subfield><subfield code="2">rdamedia</subfield></datafield><datafield ind1=" " ind2=" " tag="338"><subfield code="b">nc</subfield><subfield code="2">rdacarrier</subfield></datafield><datafield ind1="1" ind2=" " tag="490"><subfield code="a">Germanistische Linguistik</subfield><subfield code="v">218/219, 229/231-232/233</subfield></datafield><datafield ind1="0" ind2=" " tag="505"><subfield code="a">1: Methodologie und Empirie kontrastiver Untersuchungen zur Textsorte Kommentar. - 394 S.</subfield></datafield><datafield ind1="0" ind2=" " tag="505"><subfield code="a">2: Kommentartexte in den Medienlandschaften europäischer Länder. - 486 S.</subfield></datafield><datafield ind1="0" ind2=" " tag="505"><subfield code="a">3: Linguistiche Methoden zur vergleichenden Analyse von Kommentartexten in Tageszeitungen europäischer Länder. - 264 S.</subfield></datafield><datafield ind1="0" ind2=" " tag="505"><subfield code="a">4: Typen und Textmuster von Kommentaren in Tageszeitungen. - 356 S.</subfield></datafield><datafield ind1=" " ind2="7" tag="650"><subfield code="a">Allemand (langue)</subfield><subfield code="0">(IDREF)027789829</subfield><subfield code="2">idref</subfield></datafield><datafield ind1=" " ind2="7" tag="650"><subfield code="a">Persuasion (rhétorique)</subfield><subfield code="0">(IDREF)027508137</subfield><subfield code="2">idref</subfield></datafield><datafield ind1=" " ind2="7" tag="650"><subfield code="a">Style</subfield><subfield code="0">(IDREF)027792978</subfield><subfield code="2">idref</subfield></datafield><datafield ind1=" " ind2="7" tag="650"><subfield code="a">Journalisme</subfield><subfield code="0">(IDREF)027344401</subfield><subfield code="2">idref</subfield></datafield><datafield ind1=" " ind2="7" tag="650"><subfield code="a">Discours (linguistique)</subfield><subfield code="0">(IDREF)027219100</subfield><subfield code="2">idref</subfield></datafield><datafield ind1=" " ind2="7" tag="651"><subfield code="a">Europe</subfield><subfield code="0">(IDREF)027224651</subfield><subfield code="2">idref</subfield></datafield><datafield ind1=" " ind2="7" tag="655"><subfield code="a">[Études diverses]</subfield><subfield code="0">(RERO)A022249905</subfield><subfield code="2">rero</subfield></datafield><datafield ind1="1" ind2=" " tag="700"><subfield code="a">Lenk, Hartmut E. H.</subfield><subfield code="0">(IDREF)117390208</subfield></datafield><datafield ind1=" " ind2="0" tag="830"><subfield code="a">Germanistische Linguistik</subfield><subfield code="v">218/219,229/231-232/233,246/247</subfield><subfield code="w">(RERO)0178285-41slsp</subfield></datafield><datafield ind1=" " ind2=" " tag="900"><subfield code="a">REROnoselfmerge</subfield></datafield></record>
</metadata></record>