<record><header><identifier>oai:alma.41SLSP_UGE:991000774309705502</identifier><datestamp>2023-03-01T01:09:56Z</datestamp><setSpec>uge_bcen_RapidILL_BOOK</setSpec><setSpec>uge_aaca_RapidILL_BOOK</setSpec><setSpec>uge_abels_RapidILL_BOOK</setSpec><setSpec>uge_dbu_RapidILL_BOOK</setSpec><setSpec>uge_cmu_RapidILL_BOOK</setSpec><setSpec>uge_mail_RapidILL_BOOK</setSpec><setSpec>UNIGE_ALL</setSpec><setSpec>uge_abbat_RapidILL_BOOK</setSpec><setSpec>uge_aobs_RapidILL_BOOK</setSpec><setSpec>uge_acar_RapidILL_BOOK</setSpec></header><metadata>
<record xmlns="http://www.loc.gov/MARC21/slim" xmlns:xsi="http://www.w3.org/2001/XMLSchema-instance" xsi:schemaLocation="http://www.loc.gov/MARC21/slim http://www.loc.gov/standards/marcxml/schema/MARC21slim.xsd"><leader>01021nam a2200289 c 4500</leader><controlfield tag="001">991000774309705502</controlfield><controlfield tag="005">20221021093245.0</controlfield><controlfield tag="008">881114s1965    ag ||||| |||| 00| ||spa d</controlfield><datafield ind1=" " ind2=" " tag="035"><subfield code="a">(swissbib)083232249-41slsp_network</subfield></datafield><datafield ind1=" " ind2=" " tag="035"><subfield code="a">083232249</subfield><subfield code="9">ExL</subfield></datafield><datafield ind1=" " ind2=" " tag="035"><subfield code="a">(RERO)1041097-41slsp</subfield></datafield><datafield ind1=" " ind2=" " tag="035"><subfield code="a">(EXLNZ-41SLSP_NETWORK)991093780029705501</subfield></datafield><datafield ind1=" " ind2=" " tag="040"><subfield code="a">RERO geulit</subfield><subfield code="d">CH-ZuSLS</subfield></datafield><datafield ind1=" " ind2="7" tag="072"><subfield code="a">es</subfield><subfield code="2">rero</subfield></datafield><datafield ind1="1" ind2=" " tag="100"><subfield code="a">Brunet, Marta</subfield><subfield code="0">(RERO)A003050649</subfield><subfield code="4">cre</subfield></datafield><datafield ind1="1" ind2="0" tag="245"><subfield code="a">Montaña adentro</subfield><subfield code="b">[Bestia dañina] ; [María Rosa, Flor del Quillen]</subfield><subfield code="c">Marta Brunet ; prólogo de Guillermo de Torre</subfield></datafield><datafield ind1=" " ind2=" " tag="250"><subfield code="a">2a ed</subfield></datafield><datafield ind1=" " ind2="1" tag="264"><subfield code="a">Buenos Aires</subfield><subfield code="b">Losada</subfield><subfield code="c">1965</subfield></datafield><datafield ind1=" " ind2=" " tag="300"><subfield code="a">154 p.</subfield><subfield code="c">19 cm</subfield></datafield><datafield ind1=" " ind2=" " tag="336"><subfield code="b">txt</subfield><subfield code="2">rdacontent</subfield></datafield><datafield ind1=" " ind2=" " tag="337"><subfield code="b">n</subfield><subfield code="2">rdamedia</subfield></datafield><datafield ind1=" " ind2=" " tag="338"><subfield code="b">nc</subfield><subfield code="2">rdacarrier</subfield></datafield><datafield ind1="1" ind2=" " tag="490"><subfield code="a">Biblioteca clásica y contemporánea</subfield><subfield code="v">253</subfield></datafield><datafield ind1="1" ind2=" " tag="700"><subfield code="a">Torre, Guillermo de</subfield><subfield code="0">(RERO)A003906109</subfield></datafield><datafield ind1="1" ind2="2" tag="700"><subfield code="a">Brunet, Marta</subfield><subfield code="t">Bestia dañina</subfield></datafield><datafield ind1="1" ind2="2" tag="700"><subfield code="a">Brunet, Marta</subfield><subfield code="t">María Rosa, flor del Quillen</subfield></datafield><datafield ind1=" " ind2="0" tag="830"><subfield code="a">Biblioteca clásica y contemporánea</subfield><subfield code="v">253</subfield><subfield code="w">991171054613705501</subfield></datafield><datafield ind1=" " ind2=" " tag="900"><subfield code="a">REROnoselfmerge</subfield></datafield><datafield ind1=" " ind2=" " tag="993"><subfield code="a">BFLA 32331</subfield><subfield code="x">ge/ules/a/88/104</subfield><subfield code="9">local</subfield></datafield></record>
</metadata></record>