<record><header><identifier>oai:alma.41SLSP_UGE:991000782979705502</identifier><datestamp>2023-11-25T01:54:18Z</datestamp><setSpec>uge_bcen_RapidILL_BOOK</setSpec><setSpec>uge_aaca_RapidILL_BOOK</setSpec><setSpec>uge_abels_RapidILL_BOOK</setSpec><setSpec>uge_dbu_RapidILL_BOOK</setSpec><setSpec>uge_cmu_RapidILL_BOOK</setSpec><setSpec>uge_mail_RapidILL_BOOK</setSpec><setSpec>uge_abbat_RapidILL_BOOK</setSpec><setSpec>UNIGE_ALL</setSpec><setSpec>uge_aobs_RapidILL_BOOK</setSpec><setSpec>uge_acar_RapidILL_BOOK</setSpec></header><metadata>
<record xmlns="http://www.loc.gov/MARC21/slim" xmlns:xsi="http://www.w3.org/2001/XMLSchema-instance" xsi:schemaLocation="http://www.loc.gov/MARC21/slim http://www.loc.gov/standards/marcxml/schema/MARC21slim.xsd"><leader>03734nam a2200901 c 4500</leader><controlfield tag="001">991000782979705502</controlfield><controlfield tag="005">20230619204336.0</controlfield><controlfield tag="008">201011t20102010xxu||||| |||| 00| ||eng d</controlfield><datafield ind1=" " ind2=" " tag="010"><subfield code="a">2009041252</subfield></datafield><datafield ind1=" " ind2=" " tag="015"><subfield code="a">GBB071416</subfield><subfield code="2">bnb</subfield></datafield><datafield ind1=" " ind2=" " tag="020"><subfield code="a">9780300112368</subfield><subfield code="q">cloth: alk. paper</subfield></datafield><datafield ind1=" " ind2=" " tag="020"><subfield code="a">030011236X</subfield></datafield><datafield ind1="7" ind2=" " tag="024"><subfield code="a">http://catalogue.bnf.fr/ark:/12148/cb42200165z</subfield><subfield code="2">uri</subfield></datafield><datafield ind1=" " ind2=" " tag="035"><subfield code="a">(swissbib)21891735X-41slsp_network</subfield></datafield><datafield ind1=" " ind2=" " tag="035"><subfield code="a">21891735X</subfield><subfield code="9">ExL</subfield></datafield><datafield ind1=" " ind2=" " tag="035"><subfield code="a">(RERO)R005457429-41slsp</subfield></datafield><datafield ind1=" " ind2=" " tag="035"><subfield code="a">(IDSBB)005302068DSV01</subfield></datafield><datafield ind1=" " ind2=" " tag="035"><subfield code="a">(NEBIS)006108438EBI01</subfield></datafield><datafield ind1=" " ind2=" " tag="035"><subfield code="a">(ALEX)bv001457140</subfield></datafield><datafield ind1=" " ind2=" " tag="035"><subfield code="a">(EXLNZ-41SLSP_NETWORK)991156396859705501</subfield></datafield><datafield ind1=" " ind2=" " tag="040"><subfield code="a">DLC</subfield><subfield code="d">CH-ZuSLS</subfield></datafield><datafield ind1="1" ind2=" " tag="041"><subfield code="a">eng</subfield><subfield code="h">rus</subfield></datafield><datafield ind1=" " ind2="7" tag="072"><subfield code="a">ht</subfield><subfield code="2">rero</subfield></datafield><datafield ind1=" " ind2="7" tag="072"><subfield code="a">sp</subfield><subfield code="2">rero</subfield></datafield><datafield ind1=" " ind2="7" tag="072"><subfield code="a">og</subfield><subfield code="2">SzZuIDS BS/BE</subfield></datafield><datafield ind1="0" ind2="4" tag="082"><subfield code="a">947.084 2</subfield><subfield code="2">22</subfield></datafield><datafield ind1="0" ind2="4" tag="082"><subfield code="a">947.084/2</subfield><subfield code="2">22</subfield></datafield><datafield ind1="1" ind2="4" tag="082"><subfield code="a">947.0842</subfield><subfield code="2">21</subfield></datafield><datafield ind1="1" ind2="4" tag="082"><subfield code="a">940</subfield><subfield code="2">15</subfield></datafield><datafield ind1=" " ind2=" " tag="084"><subfield code="a">NQ 5071</subfield><subfield code="2">rvk</subfield></datafield><datafield ind1="1" ind2=" " tag="100"><subfield code="a">Lenoe, Matthew Edward</subfield><subfield code="0">(IDREF)083838066</subfield><subfield code="4">cre</subfield></datafield><datafield ind1="1" ind2="0" tag="245"><subfield code="a">&lt;&lt;The&gt;&gt; Kirov murder and Soviet history</subfield><subfield code="c">Matthew E. Lenoe ; translations by Matthew E. Lenoe ; documents compiled by Mikhail Prozumenshchikov</subfield></datafield><datafield ind1=" " ind2="1" tag="264"><subfield code="a">New Haven</subfield><subfield code="b">Yale University Press</subfield><subfield code="c">[2010]</subfield></datafield><datafield ind1=" " ind2="4" tag="264"><subfield code="c">©2010</subfield></datafield><datafield ind1=" " ind2=" " tag="300"><subfield code="a">xxiii, 833 p., [8] p. of pl.</subfield><subfield code="b">maps, ill.</subfield></datafield><datafield ind1=" " ind2=" " tag="336"><subfield code="b">txt</subfield><subfield code="2">rdacontent</subfield></datafield><datafield ind1=" " ind2=" " tag="337"><subfield code="b">n</subfield><subfield code="2">rdamedia</subfield></datafield><datafield ind1=" " ind2=" " tag="338"><subfield code="b">nc</subfield><subfield code="2">rdacarrier</subfield></datafield><datafield ind1="0" ind2=" " tag="490"><subfield code="a">Annals of Communism</subfield></datafield><datafield ind1=" " ind2=" " tag="500"><subfield code="a">Index of documents</subfield></datafield><datafield ind1=" " ind2=" " tag="500"><subfield code="a">Übersetzt aus dem Russischen</subfield></datafield><datafield ind1=" " ind2=" " tag="504"><subfield code="a">Includes bibliographical references and index</subfield></datafield><datafield ind1="1" ind2="0" tag="600"><subfield code="a">Kirov, Sergeĭ Mironovich</subfield><subfield code="d">1886-1934</subfield><subfield code="x">Assassination</subfield></datafield><datafield ind1="1" ind2="0" tag="600"><subfield code="a">Stalin, Joseph</subfield><subfield code="d">1879-1953</subfield></datafield><datafield ind1="1" ind2="7" tag="600"><subfield code="a">Staline, Joseph</subfield><subfield code="d">1879-1953</subfield><subfield code="0">(IDREF)027147029</subfield><subfield code="2">idref</subfield></datafield><datafield ind1="1" ind2="7" tag="600"><subfield code="a">Kirov, Serge</subfield><subfield code="0">(RERO)A027118714</subfield><subfield code="2">rero</subfield></datafield><datafield ind1="1" ind2="7" tag="600"><subfield code="a">Kirov, Sergej M</subfield><subfield code="x">Ermordung</subfield><subfield code="2">idsbb</subfield></datafield><datafield ind1="1" ind2="7" tag="600"><subfield code="a">Kirov, Sergej M</subfield><subfield code="x">Ermordung</subfield><subfield code="v">Quelle</subfield><subfield code="2">idsbb</subfield></datafield><datafield ind1="1" ind2="7" tag="600"><subfield code="a">Kirov, Sergej Mironovič</subfield><subfield code="d">1886-1934</subfield><subfield code="0">(DE-588)119257343</subfield><subfield code="2">gnd</subfield></datafield><datafield ind1="1" ind2="7" tag="600"><subfield code="a">Kirow, Sergej M</subfield><subfield code="2">idszbz</subfield></datafield><datafield ind1="1" ind2="0" tag="600"><subfield code="6">880-01</subfield><subfield code="a">Kirov, Sergeĭ Mironovich</subfield><subfield code="d">1886-1934</subfield><subfield code="x">Assassination</subfield></datafield><datafield ind1="2" ind2="0" tag="610"><subfield code="a">Kommunisticheskai︠a︡ partii︠a︡ Sovetskogo Soi︠u︡za</subfield><subfield code="x">Purges</subfield></datafield><datafield ind1="2" ind2="7" tag="610"><subfield code="a">Parti communiste de l'Union soviétique (URSS)</subfield><subfield code="0">(RERO)A010016720</subfield><subfield code="2">rero</subfield></datafield><datafield ind1="2" ind2="0" tag="610"><subfield code="a">Kommunisticheskai͡a partii͡a Sovetskogo Soi͡uza</subfield><subfield code="x">Purges</subfield></datafield><datafield ind1="2" ind2="0" tag="610"><subfield code="6">880-02</subfield><subfield code="a">Kommunisticheskai͡a partii͡a Sovetskogo Soi͡uza</subfield><subfield code="x">Purges</subfield></datafield><datafield ind1=" " ind2="7" tag="648"><subfield code="a">Geschichte 1934</subfield><subfield code="2">gnd</subfield></datafield><datafield ind1=" " ind2="7" tag="648"><subfield code="a">Geschichte 1934-1938</subfield><subfield code="2">gnd</subfield></datafield><datafield ind1=" " ind2="7" tag="648"><subfield code="a">Geschichte 1900-1950</subfield><subfield code="2">idszbz</subfield></datafield><datafield ind1=" " ind2="0" tag="650"><subfield code="a">Political atrocities</subfield><subfield code="z">Soviet Union</subfield><subfield code="x">History</subfield></datafield><datafield ind1=" " ind2="0" tag="650"><subfield code="a">Political purges</subfield><subfield code="z">Soviet Union</subfield><subfield code="x">History</subfield></datafield><datafield ind1=" " ind2="7" tag="650"><subfield code="a">purge politique</subfield><subfield code="0">(RERO)A010022719</subfield><subfield code="2">rerovoc</subfield></datafield><datafield ind1=" " ind2="7" tag="650"><subfield code="a">1936-1938</subfield><subfield code="2">rero</subfield></datafield><datafield ind1=" " ind2="7" tag="650"><subfield code="a">Assassinat</subfield><subfield code="0">(IDREF)027824004</subfield><subfield code="2">idref</subfield></datafield><datafield ind1=" " ind2="7" tag="650"><subfield code="a">Politische Verfolgung</subfield><subfield code="0">(DE-588)4046565-2</subfield><subfield code="2">gnd</subfield></datafield><datafield ind1=" " ind2="7" tag="650"><subfield code="a">Mord</subfield><subfield code="0">(DE-588)4040235-6</subfield><subfield code="2">gnd</subfield></datafield><datafield ind1=" " ind2="7" tag="650"><subfield code="a">Mord</subfield><subfield code="2">idszbz</subfield></datafield><datafield ind1=" " ind2="7" tag="650"><subfield code="a">Verfolgung</subfield><subfield code="2">idszbz</subfield></datafield><datafield ind1=" " ind2="0" tag="651"><subfield code="a">Soviet Union</subfield><subfield code="x">History</subfield><subfield code="y">1925-1953</subfield></datafield><datafield ind1=" " ind2="7" tag="651"><subfield code="a">Sowjetunion</subfield><subfield code="0">(DE-588)4077548-3</subfield><subfield code="2">gnd</subfield></datafield><datafield ind1=" " ind2="7" tag="651"><subfield code="a">Sowjetunion</subfield><subfield code="2">idszbz</subfield></datafield><datafield ind1=" " ind2="7" tag="655"><subfield code="a">[document]</subfield><subfield code="2">rerovoc</subfield><subfield code="0">(RERO)A010182398</subfield></datafield><datafield ind1=" " ind2="7" tag="655"><subfield code="a">Quelle</subfield><subfield code="2">gnd-content</subfield></datafield><datafield ind1=" " ind2="7" tag="655"><subfield code="a">Quellenmaterial</subfield><subfield code="2">idszbz</subfield></datafield><datafield ind1=" " ind2="7" tag="655"><subfield code="a">Quelle</subfield><subfield code="2">idszbz</subfield></datafield><datafield ind1="1" ind2=" " tag="700"><subfield code="a">Prozumenščikov, Michail Jurʹevič</subfield><subfield code="d">1958-</subfield><subfield code="0">(DE-588)142586668</subfield></datafield><datafield ind1="1" ind2=" " tag="700"><subfield code="a">Lenoe, Matthew Edward</subfield></datafield><datafield ind1="1" ind2=" " tag="700"><subfield code="a">Prozumenŝikov, Mihail Ûrʹevič</subfield><subfield code="0">(IDREF)154463221</subfield></datafield><datafield ind1="4" ind2=" " tag="856"><subfield code="3">Titelblatt und Inhaltsverzeichnis</subfield><subfield code="u">https://toc.library.ethz.ch/objects/pdf/z01_978-0-300-11236-8_01.pdf</subfield><subfield code="q">pdf</subfield></datafield><datafield ind1=" " ind2=" " tag="900"><subfield code="a">IDSZ2zbzmon201008f</subfield><subfield code="c">IDSZ2kobe</subfield><subfield code="d">IDSZ2zbzswk201008b</subfield><subfield code="e">IDSZ2brue</subfield></datafield><datafield ind1=" " ind2=" " tag="949"><subfield code="a">https://toc.library.ethz.ch/objects/pdf/z01_978-0-300-11236-8_01.pdf</subfield></datafield></record>
</metadata></record>