<record><header><identifier>oai:alma.41SLSP_UGE:991000783709705502</identifier><datestamp>2024-05-04T00:44:57Z</datestamp><setSpec>uge_bcen_RapidILL_BOOK</setSpec><setSpec>uge_aaca_RapidILL_BOOK</setSpec><setSpec>uge_abels_RapidILL_BOOK</setSpec><setSpec>uge_dbu_RapidILL_BOOK</setSpec><setSpec>uge_cmu_RapidILL_BOOK</setSpec><setSpec>uge_mail_RapidILL_BOOK</setSpec><setSpec>uge_abbat_RapidILL_BOOK</setSpec><setSpec>UNIGE_ALL</setSpec><setSpec>uge_acar_RapidILL_BOOK</setSpec><setSpec>uge_aobs_RapidILL_BOOK</setSpec></header><metadata>
<record xmlns="http://www.loc.gov/MARC21/slim" xmlns:xsi="http://www.w3.org/2001/XMLSchema-instance" xsi:schemaLocation="http://www.loc.gov/MARC21/slim http://www.loc.gov/standards/marcxml/schema/MARC21slim.xsd"><leader>02305nam a2200349 c 4500</leader><controlfield tag="001">991000783709705502</controlfield><controlfield tag="005">20230127204455.0</controlfield><controlfield tag="008">020618s1998    gr ||||| |||| 00| ||gre d</controlfield><datafield ind1=" " ind2=" " tag="035"><subfield code="a">(swissbib)097917583-41slsp_network</subfield></datafield><datafield ind1=" " ind2=" " tag="035"><subfield code="a">097917583</subfield><subfield code="9">ExL</subfield></datafield><datafield ind1=" " ind2=" " tag="035"><subfield code="a">(RERO)R003205260-41slsp</subfield></datafield><datafield ind1=" " ind2=" " tag="035"><subfield code="a">(EXLNZ-41SLSP_NETWORK)991090469579705501</subfield></datafield><datafield ind1=" " ind2=" " tag="040"><subfield code="a">RERO geulgm</subfield><subfield code="d">CH-ZuSLS</subfield></datafield><datafield ind1=" " ind2="7" tag="072"><subfield code="a">gr</subfield><subfield code="2">rero</subfield></datafield><datafield ind1="1" ind2=" " tag="100"><subfield code="a">Seférīs, Giṓrgos</subfield><subfield code="d">1900-1971</subfield><subfield code="6">880-01</subfield><subfield code="0">(IDREF)028482956</subfield><subfield code="4">cre</subfield></datafield><datafield ind1="1" ind2=" " tag="880"><subfield code="6">100-01/(S</subfield><subfield code="a">Σεφέρης, Γιώργος</subfield></datafield><datafield ind1="1" ind2="0" tag="245"><subfield code="6">880-02</subfield><subfield code="a">Allēlographeia 1951-1971</subfield><subfield code="c">Giōrgos Sepherēs, Edmund Keeley ; eisagōgē-sēmeiōseis Edmund Keeley ; metaphrasē Aloē Siderē</subfield></datafield><datafield ind1="1" ind2="0" tag="880"><subfield code="6">245-02/(S</subfield><subfield code="a">Αλληλογραφία 1951-1971</subfield><subfield code="c">Γιώργος Σεφέρης, Edmund Keeley ; εισαγωγή-σημειώσεις Edmund Keeley ; μεταφράση Αλόη Σιδέρη</subfield></datafield><datafield ind1="1" ind2=" " tag="246"><subfield code="a">Alli̲lografía 1951-1971/ Gió̲rgos Seféri̲s, Edmund Keeley</subfield><subfield code="b">eisago̲gí̲-si̲meió̲seis Edmund Keeley ; metáfrasi̲ Aloi̲ Sidéri̲</subfield></datafield><datafield ind1=" " ind2="1" tag="264"><subfield code="6">880-03</subfield><subfield code="a">Athí̲na</subfield><subfield code="b">Agra</subfield><subfield code="c">1998</subfield></datafield><datafield ind1=" " ind2="1" tag="880"><subfield code="6">264-03/(S</subfield><subfield code="a">Αθήνα</subfield><subfield code="b">Άγρα</subfield><subfield code="c">1998</subfield></datafield><datafield ind1=" " ind2=" " tag="300"><subfield code="a">321 p.</subfield><subfield code="c">21 cm</subfield></datafield><datafield ind1=" " ind2=" " tag="336"><subfield code="b">txt</subfield><subfield code="2">rdacontent</subfield></datafield><datafield ind1=" " ind2=" " tag="337"><subfield code="b">n</subfield><subfield code="2">rdamedia</subfield></datafield><datafield ind1=" " ind2=" " tag="338"><subfield code="b">nc</subfield><subfield code="2">rdacarrier</subfield></datafield><datafield ind1="1" ind2="7" tag="600"><subfield code="a">Keeley, Edmund</subfield><subfield code="d">1928-2022</subfield><subfield code="0">(IDREF)028475291</subfield><subfield code="2">idref</subfield></datafield><datafield ind1="1" ind2="7" tag="600"><subfield code="a">Seférīs, Giṓrgos</subfield><subfield code="d">1900-1971</subfield><subfield code="0">(IDREF)028482956</subfield><subfield code="2">idref</subfield></datafield><datafield ind1=" " ind2="7" tag="650"><subfield code="a">1951-1971</subfield><subfield code="2">rero</subfield></datafield><datafield ind1=" " ind2="7" tag="655"><subfield code="a">Correspondance</subfield><subfield code="0">(IDREF)027490122</subfield><subfield code="2">idref</subfield></datafield><datafield ind1="1" ind2=" " tag="700"><subfield code="a">Keeley, Edmund</subfield><subfield code="d">1928-2022</subfield><subfield code="0">(IDREF)028475291</subfield></datafield><datafield ind1="1" ind2=" " tag="700"><subfield code="6">880-04</subfield><subfield code="a">Sidérī, Alóī</subfield><subfield code="d">1929-....</subfield><subfield code="0">(IDREF)189258098</subfield></datafield><datafield ind1="1" ind2=" " tag="880"><subfield code="6">700-04/(S</subfield><subfield code="a">Σιδέρη, Αλόη</subfield></datafield><datafield ind1=" " ind2=" " tag="900"><subfield code="a">REROnoselfmerge</subfield></datafield></record>
</metadata></record>