<record><header><identifier>oai:alma.41SLSP_UGE:991000783609705502</identifier><datestamp>2023-03-27T00:11:06Z</datestamp><setSpec>uge_bcen_RapidILL_BOOK</setSpec><setSpec>uge_aaca_RapidILL_BOOK</setSpec><setSpec>uge_abels_RapidILL_BOOK</setSpec><setSpec>uge_dbu_RapidILL_BOOK</setSpec><setSpec>uge_cmu_RapidILL_BOOK</setSpec><setSpec>uge_mail_RapidILL_BOOK</setSpec><setSpec>uge_abbat_RapidILL_BOOK</setSpec><setSpec>UNIGE_ALL</setSpec><setSpec>uge_aobs_RapidILL_BOOK</setSpec><setSpec>uge_acar_RapidILL_BOOK</setSpec></header><metadata>
<record xmlns="http://www.loc.gov/MARC21/slim" xmlns:xsi="http://www.w3.org/2001/XMLSchema-instance" xsi:schemaLocation="http://www.loc.gov/MARC21/slim http://www.loc.gov/standards/marcxml/schema/MARC21slim.xsd"><leader>02050nam a2200397 c 4500</leader><controlfield tag="001">991000783609705502</controlfield><controlfield tag="005">20230326201915.0</controlfield><controlfield tag="008">180226s2018    at ||||| |||| 00| ||eng d</controlfield><datafield ind1=" " ind2=" " tag="020"><subfield code="a">9781911344377</subfield></datafield><datafield ind1=" " ind2=" " tag="035"><subfield code="a">(swissbib)124594158-41slsp_network</subfield></datafield><datafield ind1=" " ind2=" " tag="035"><subfield code="a">124594158</subfield><subfield code="9">ExL</subfield></datafield><datafield ind1=" " ind2=" " tag="035"><subfield code="a">(RERO)R008769621-41slsp</subfield></datafield><datafield ind1=" " ind2=" " tag="035"><subfield code="a">(EXLNZ-41SLSP_NETWORK)991058916129705501</subfield></datafield><datafield ind1=" " ind2=" " tag="040"><subfield code="a">DNLM/DLC</subfield><subfield code="b">eng</subfield><subfield code="e">rda</subfield><subfield code="d">CH-ZuSLS</subfield></datafield><datafield ind1=" " ind2="0" tag="050"><subfield code="a">RA651</subfield><subfield code="b">.Q53 2018</subfield></datafield><datafield ind1=" " ind2="0" tag="060"><subfield code="a">WA 105</subfield></datafield><datafield ind1=" " ind2="7" tag="072"><subfield code="a">me</subfield><subfield code="2">rero</subfield></datafield><datafield ind1="0" ind2="0" tag="082"><subfield code="a">614.4</subfield><subfield code="2">23</subfield></datafield><datafield ind1="1" ind2=" " tag="100"><subfield code="a">Quick, Jonathan D.</subfield><subfield code="0">(IDREF)129341894</subfield><subfield code="4">aut</subfield></datafield><datafield ind1="1" ind2="0" tag="245"><subfield code="a">&lt;&lt;The&gt;&gt; end of epidemics</subfield><subfield code="b">the looming threat to humanity and how to stop it</subfield><subfield code="c">Jonathan D. Quick, MD, with Bronwyn Fryer</subfield></datafield><datafield ind1=" " ind2="1" tag="264"><subfield code="a">Melbourne</subfield><subfield code="b">Scribe</subfield><subfield code="c">2018</subfield></datafield><datafield ind1=" " ind2="4" tag="264"><subfield code="c">©2018</subfield></datafield><datafield ind1=" " ind2=" " tag="300"><subfield code="a">xiii, 290 p.</subfield><subfield code="b">illustrations, map</subfield><subfield code="c">25 cm</subfield></datafield><datafield ind1=" " ind2=" " tag="336"><subfield code="b">txt</subfield><subfield code="2">rdacontent</subfield></datafield><datafield ind1=" " ind2=" " tag="337"><subfield code="b">n</subfield><subfield code="2">rdamedia</subfield></datafield><datafield ind1=" " ind2=" " tag="338"><subfield code="b">nc</subfield><subfield code="2">rdacarrier</subfield></datafield><datafield ind1=" " ind2=" " tag="504"><subfield code="a">Includes bibliographical references (pages 241-274) and index</subfield></datafield><datafield ind1="0" ind2=" " tag="505"><subfield code="a">Stop epidemics with the power of seven -- The bush-lessons from ebola, AIDS and zika -- The barn -- The triple threat : bioterror, bio-error and Dr. Frankenstein -- The costs of complacency -- Lead like the house is on fire -- Resilient systems, global security -- Active prevention, constant readiness -- Fatal fictions, timely truths -- Disruptive innovation, collaborative transformation -- Invest wisely, save lives -- Ring the alarm, rouse the leaders</subfield></datafield><datafield ind1="8" ind2=" " tag="520"><subfield code="a">Outlines recommendations for preventing the next global pandemic, drawing on the examples of epidemics ranging from smallpox and AIDS to SARS and Ebola to outline specific measures for appropriate spending, communication, and innovation. --Publisher</subfield></datafield><datafield ind1=" " ind2="0" tag="650"><subfield code="a">Epidemics</subfield><subfield code="x">Prevention</subfield></datafield><datafield ind1=" " ind2="2" tag="650"><subfield code="a">Epidemics</subfield><subfield code="x">prevention &amp; control</subfield></datafield><datafield ind1=" " ind2="7" tag="650"><subfield code="a">Épidémies</subfield><subfield code="0">(IDREF)02745357X</subfield><subfield code="2">idref</subfield></datafield><datafield ind1=" " ind2="7" tag="650"><subfield code="a">Prévention</subfield><subfield code="0">(IDREF)02724525X</subfield><subfield code="2">idref</subfield></datafield><datafield ind1=" " ind2="7" tag="650"><subfield code="a">Contrôle</subfield><subfield code="0">(IDREF)033628963</subfield><subfield code="2">idref</subfield></datafield><datafield ind1="1" ind2=" " tag="700"><subfield code="a">Fryer, Bronwyn</subfield><subfield code="0">(RERO)A003267486</subfield><subfield code="4">aut</subfield></datafield><datafield ind1=" " ind2=" " tag="900"><subfield code="a">REROnoselfmerge</subfield></datafield><datafield ind1=" " ind2=" " tag="910"><subfield code="a">OCoLC</subfield><subfield code="b">20180226</subfield><subfield code="c">Droits réservés</subfield></datafield></record>
</metadata></record>