<record><header><identifier>oai:alma.41SLSP_UGE:991000783299705502</identifier><datestamp>2023-03-01T01:09:56Z</datestamp><setSpec>UNIGE_ALL</setSpec></header><metadata>
<record xmlns="http://www.loc.gov/MARC21/slim" xmlns:xsi="http://www.w3.org/2001/XMLSchema-instance" xsi:schemaLocation="http://www.loc.gov/MARC21/slim http://www.loc.gov/standards/marcxml/schema/MARC21slim.xsd"><leader>00861njm a22002777c 4500</leader><controlfield tag="001">991000783299705502</controlfield><controlfield tag="005">20201222191429.0</controlfield><controlfield tag="007">sd f||g|||||||</controlfield><controlfield tag="008">110122s1992    xx ||n |            ger d</controlfield><datafield ind1="0" ind2="2" tag="028"><subfield code="a">Canterino CNT 1091</subfield></datafield><datafield ind1=" " ind2=" " tag="035"><subfield code="a">(swissbib)113561059-41slsp_network</subfield></datafield><datafield ind1=" " ind2=" " tag="035"><subfield code="a">113561059</subfield><subfield code="9">ExL</subfield></datafield><datafield ind1=" " ind2=" " tag="035"><subfield code="a">(RERO)R006021442-41slsp</subfield></datafield><datafield ind1=" " ind2=" " tag="035"><subfield code="a">(EXLNZ-41SLSP_NETWORK)991006738299705501</subfield></datafield><datafield ind1=" " ind2=" " tag="040"><subfield code="a">RERO geulmu</subfield><subfield code="d">CH-ZuSLS</subfield></datafield><datafield ind1="0" ind2=" " tag="041"><subfield code="a">fre</subfield><subfield code="a">ger</subfield><subfield code="a">eng</subfield></datafield><datafield ind1=" " ind2="7" tag="072"><subfield code="a">mu</subfield><subfield code="2">rero</subfield></datafield><datafield ind1="0" ind2="0" tag="245"><subfield code="a">Roma</subfield><subfield code="c">Frescobaldi... [et al.]</subfield></datafield><datafield ind1=" " ind2="1" tag="264"><subfield code="a">[Lieu de publication non identifié]</subfield><subfield code="b">[éditeur non identifié]</subfield><subfield code="c">[1992]</subfield></datafield><datafield ind1=" " ind2=" " tag="300"><subfield code="a">1 disque compact</subfield></datafield><datafield ind1=" " ind2=" " tag="336"><subfield code="b">prm</subfield><subfield code="2">rdacontent</subfield></datafield><datafield ind1=" " ind2=" " tag="337"><subfield code="b">s</subfield><subfield code="2">rdamedia</subfield></datafield><datafield ind1=" " ind2=" " tag="338"><subfield code="b">sd</subfield><subfield code="2">rdacarrier</subfield></datafield><datafield ind1=" " ind2=" " tag="500"><subfield code="a">Langue(s) chantée(s) : italien</subfield></datafield><datafield ind1="1" ind2=" " tag="700"><subfield code="a">Mertens, Klaus</subfield><subfield code="d">1949-</subfield><subfield code="0">(RERO)A012319807</subfield></datafield><datafield ind1="2" ind2=" " tag="710"><subfield code="a">Basso (groupe musical)</subfield><subfield code="0">(RERO)A018511439</subfield></datafield><datafield ind1=" " ind2=" " tag="900"><subfield code="a">REROnoselfmerge</subfield></datafield><datafield ind1=" " ind2=" " tag="960"><subfield code="2">matmu</subfield><subfield code="a">Italie ; Rome ; XVIIe ; Baroque</subfield><subfield code="9">LOCAL</subfield></datafield></record>
</metadata></record>