<record><header><identifier>oai:alma.41SLSP_UGE:991000783699705502</identifier><datestamp>2023-07-01T00:15:19Z</datestamp><setSpec>uge_bcen_RapidILL_BOOK</setSpec><setSpec>uge_aaca_RapidILL_BOOK</setSpec><setSpec>uge_abels_RapidILL_BOOK</setSpec><setSpec>uge_dbu_RapidILL_BOOK</setSpec><setSpec>uge_cmu_RapidILL_BOOK</setSpec><setSpec>uge_mail_RapidILL_BOOK</setSpec><setSpec>uge_abbat_RapidILL_BOOK</setSpec><setSpec>UNIGE_ALL</setSpec><setSpec>uge_aobs_RapidILL_BOOK</setSpec><setSpec>uge_acar_RapidILL_BOOK</setSpec></header><metadata>
<record xmlns="http://www.loc.gov/MARC21/slim" xmlns:xsi="http://www.w3.org/2001/XMLSchema-instance" xsi:schemaLocation="http://www.loc.gov/MARC21/slim http://www.loc.gov/standards/marcxml/schema/MARC21slim.xsd"><leader>02378naa a2200409 c 4500</leader><controlfield tag="001">991000783699705502</controlfield><controlfield tag="005">20230630211952.0</controlfield><controlfield tag="008">131210s2013    sz ||||| |||| 00| ||fre d</controlfield><datafield ind1=" " ind2=" " tag="035"><subfield code="a">(swissbib)118691090-41slsp_network</subfield></datafield><datafield ind1=" " ind2=" " tag="035"><subfield code="a">118691090</subfield><subfield code="9">ExL</subfield></datafield><datafield ind1=" " ind2=" " tag="035"><subfield code="a">(RERO)R007568364-41slsp</subfield></datafield><datafield ind1=" " ind2=" " tag="035"><subfield code="a">(EXLNZ-41SLSP_NETWORK)991090987919705501</subfield></datafield><datafield ind1=" " ind2=" " tag="040"><subfield code="a">RERO iftflu</subfield><subfield code="d">CH-ZuSLS</subfield></datafield><datafield ind1=" " ind2=" " tag="044"><subfield code="a">sz</subfield><subfield code="c">ch-be</subfield></datafield><datafield ind1=" " ind2="7" tag="072"><subfield code="a">dr</subfield><subfield code="2">rero</subfield></datafield><datafield ind1="1" ind2=" " tag="100"><subfield code="a">Kahil-Wolff, Bettina</subfield><subfield code="d">1962-....</subfield><subfield code="0">(IDREF)083419179</subfield><subfield code="4">cre</subfield></datafield><datafield ind1="1" ind2="0" tag="245"><subfield code="a">Imposition proportionnelle des &quot;options de collaborateur&quot;</subfield><subfield code="b">quelle portée pour les assurances sociales?</subfield><subfield code="c">par Bettina Kahil-Wolff</subfield></datafield><datafield ind1=" " ind2=" " tag="336"><subfield code="b">txt</subfield><subfield code="2">rdacontent</subfield></datafield><datafield ind1=" " ind2=" " tag="337"><subfield code="b">n</subfield><subfield code="2">rdamedia</subfield></datafield><datafield ind1=" " ind2=" " tag="338"><subfield code="b">nc</subfield><subfield code="2">rdacarrier</subfield></datafield><datafield ind1=" " ind2=" " tag="500"><subfield code="a">Texte en français avec résumé en allemand</subfield></datafield><datafield ind1=" " ind2=" " tag="580"><subfield code="a">In: Revue suisse des assurances sociales et de la prévoyance professionnelle. - Berne. - Vol. 58(2013), cahier spécial, p. 62-81</subfield></datafield><datafield ind1=" " ind2="7" tag="650"><subfield code="a">AHV</subfield><subfield code="9">ger</subfield><subfield code="0">(RERO)jurivoc000000645ger</subfield><subfield code="2">jurivoc</subfield></datafield><datafield ind1=" " ind2="7" tag="650"><subfield code="a">Steuer</subfield><subfield code="9">ger</subfield><subfield code="0">(RERO)jurivoc000021368ger</subfield><subfield code="2">jurivoc</subfield></datafield><datafield ind1=" " ind2="7" tag="650"><subfield code="a">Mitarbeiteroption</subfield><subfield code="9">ger</subfield><subfield code="0">(RERO)jurivoc000015186ger</subfield><subfield code="2">jurivoc</subfield></datafield><datafield ind1=" " ind2="7" tag="650"><subfield code="a">Optionsrecht(Wertpapier)</subfield><subfield code="9">ger</subfield><subfield code="0">(RERO)jurivoc000016555ger</subfield><subfield code="2">jurivoc</subfield></datafield><datafield ind1=" " ind2="7" tag="650"><subfield code="a">Steuerpflicht</subfield><subfield code="9">ger</subfield><subfield code="0">(RERO)jurivoc000021437ger</subfield><subfield code="2">jurivoc</subfield></datafield><datafield ind1=" " ind2="7" tag="650"><subfield code="a">direkte Bundessteuer</subfield><subfield code="9">ger</subfield><subfield code="0">(RERO)jurivoc000005673ger</subfield><subfield code="2">jurivoc</subfield></datafield><datafield ind1=" " ind2="7" tag="650"><subfield code="a">Beitragspflicht</subfield><subfield code="9">ger</subfield><subfield code="0">(RERO)jurivoc000003125ger</subfield><subfield code="2">jurivoc</subfield></datafield><datafield ind1=" " ind2="7" tag="650"><subfield code="a">AHV/IV/EO-Beitrag</subfield><subfield code="9">ger</subfield><subfield code="0">(RERO)jurivoc000000651ger</subfield><subfield code="2">jurivoc</subfield></datafield><datafield ind1=" " ind2="7" tag="650"><subfield code="a">Beitragsfestsetzung</subfield><subfield code="9">ger</subfield><subfield code="0">(RERO)jurivoc000003114ger</subfield><subfield code="2">jurivoc</subfield></datafield><datafield ind1=" " ind2="7" tag="650"><subfield code="a">Realisierungszeitpunkt</subfield><subfield code="9">ger</subfield><subfield code="0">(RERO)jurivoc000018192ger</subfield><subfield code="2">jurivoc</subfield></datafield><datafield ind1=" " ind2="7" tag="650"><subfield code="a">Eigentumserwerb</subfield><subfield code="9">ger</subfield><subfield code="0">(RERO)jurivoc000006304ger</subfield><subfield code="2">jurivoc</subfield></datafield><datafield ind1=" " ind2="7" tag="650"><subfield code="a">Versicherteneigenschaft</subfield><subfield code="9">ger</subfield><subfield code="0">(RERO)jurivoc000025056ger</subfield><subfield code="2">jurivoc</subfield></datafield><datafield ind1=" " ind2="7" tag="650"><subfield code="a">Stichtag</subfield><subfield code="9">ger</subfield><subfield code="0">(RERO)jurivoc000021500ger</subfield><subfield code="2">jurivoc</subfield></datafield><datafield ind1=" " ind2="7" tag="650"><subfield code="a">Berechnung</subfield><subfield code="9">ger</subfield><subfield code="0">(RERO)jurivoc000003232ger</subfield><subfield code="2">jurivoc</subfield></datafield><datafield ind1=" " ind2="7" tag="651"><subfield code="a">Schweiz</subfield><subfield code="9">ger</subfield><subfield code="0">(RERO)jurivoc000019912ger</subfield><subfield code="2">jurivoc</subfield></datafield><datafield ind1="0" ind2=" " tag="773"><subfield code="t">Schweizerische Zeitschrift für Sozialversicherung und berufliche Vorsorge : Publikationsorgan der Konferenz der kantonalen Stiftungsaufsichtsbehörden = Revue suisse des assurances sociales et de la prévoyance professionnelle : organe pour les publications officielles de la conférence des autorités cantonales de surveillance des fondations</subfield><subfield code="g">2013/cahier spécial/62</subfield><subfield code="g">yr:2013</subfield><subfield code="w">(RERO)0398433-41slsp</subfield></datafield></record>
</metadata></record>