<record><header><identifier>oai:alma.41SLSP_UGE:991000783179705502</identifier><datestamp>2023-04-10T00:16:07Z</datestamp><setSpec>uge_bcen_RapidILL_BOOK</setSpec><setSpec>uge_aaca_RapidILL_BOOK</setSpec><setSpec>uge_abels_RapidILL_BOOK</setSpec><setSpec>uge_dbu_RapidILL_BOOK</setSpec><setSpec>uge_cmu_RapidILL_BOOK</setSpec><setSpec>uge_mail_RapidILL_BOOK</setSpec><setSpec>uge_abbat_RapidILL_BOOK</setSpec><setSpec>UNIGE_ALL</setSpec><setSpec>uge_acar_RapidILL_BOOK</setSpec><setSpec>uge_aobs_RapidILL_BOOK</setSpec></header><metadata>
<record xmlns="http://www.loc.gov/MARC21/slim" xmlns:xsi="http://www.w3.org/2001/XMLSchema-instance" xsi:schemaLocation="http://www.loc.gov/MARC21/slim http://www.loc.gov/standards/marcxml/schema/MARC21slim.xsd"><leader>00928nam a2200277 c 4500</leader><controlfield tag="001">991000783179705502</controlfield><controlfield tag="005">20230409171413.0</controlfield><controlfield tag="008">001026s1929    fr ||||| |||| 00| ||fre d</controlfield><datafield ind1=" " ind2=" " tag="035"><subfield code="a">(swissbib)091831997-41slsp_network</subfield></datafield><datafield ind1=" " ind2=" " tag="035"><subfield code="a">091831997</subfield><subfield code="9">ExL</subfield></datafield><datafield ind1=" " ind2=" " tag="035"><subfield code="a">(RERO)2277191-41slsp</subfield></datafield><datafield ind1=" " ind2=" " tag="035"><subfield code="a">(EXLNZ-41SLSP_NETWORK)991010379499705501</subfield></datafield><datafield ind1=" " ind2=" " tag="040"><subfield code="a">RERO laiuhm</subfield><subfield code="d">CH-ZuSLS</subfield></datafield><datafield ind1=" " ind2="7" tag="072"><subfield code="a">me</subfield><subfield code="2">rero</subfield></datafield><datafield ind1=" " ind2="7" tag="072"><subfield code="a">at</subfield><subfield code="2">rero</subfield></datafield><datafield ind1="0" ind2="0" tag="245"><subfield code="a">Hôpitaux, sanatoria</subfield><subfield code="b">documents recueillis et présentés</subfield><subfield code="c">par Roger Poulain</subfield></datafield><datafield ind1=" " ind2="1" tag="264"><subfield code="a">Paris</subfield><subfield code="b">V. Freal</subfield><subfield code="c">[1929?]</subfield></datafield><datafield ind1=" " ind2=" " tag="300"><subfield code="a">76 p. de pl.</subfield><subfield code="c">31 cm</subfield></datafield><datafield ind1=" " ind2=" " tag="336"><subfield code="b">txt</subfield><subfield code="2">rdacontent</subfield></datafield><datafield ind1=" " ind2=" " tag="337"><subfield code="b">n</subfield><subfield code="2">rdamedia</subfield></datafield><datafield ind1=" " ind2=" " tag="338"><subfield code="b">nc</subfield><subfield code="2">rdacarrier</subfield></datafield><datafield ind1="1" ind2=" " tag="490"><subfield code="a">Bibliothèque de l'architecte moderne</subfield><subfield code="v">1</subfield></datafield><datafield ind1=" " ind2="7" tag="650"><subfield code="a">Hôpitaux</subfield><subfield code="0">(IDREF)027340740</subfield><subfield code="2">idref</subfield></datafield><datafield ind1=" " ind2="7" tag="650"><subfield code="a">Sanatoriums</subfield><subfield code="0">(IDREF)027828220</subfield><subfield code="2">idref</subfield></datafield><datafield ind1="1" ind2=" " tag="700"><subfield code="a">Poulain, Roger</subfield><subfield code="0">(IDREF)153500182</subfield></datafield><datafield ind1=" " ind2="0" tag="830"><subfield code="a">Bibliothèque de l'architecte moderne</subfield><subfield code="v">1</subfield><subfield code="w">(RERO)1266202-41slsp</subfield></datafield><datafield ind1=" " ind2=" " tag="900"><subfield code="a">REROnoselfmerge</subfield></datafield></record>
</metadata></record>