<record><header><identifier>oai:alma.41SLSP_UGE:991000783069705502</identifier><datestamp>2023-06-28T00:12:40Z</datestamp><setSpec>uge_bcen_RapidILL_BOOK</setSpec><setSpec>uge_aaca_RapidILL_BOOK</setSpec><setSpec>uge_abels_RapidILL_BOOK</setSpec><setSpec>uge_dbu_RapidILL_BOOK</setSpec><setSpec>uge_cmu_RapidILL_BOOK</setSpec><setSpec>uge_mail_RapidILL_BOOK</setSpec><setSpec>uge_abbat_RapidILL_BOOK</setSpec><setSpec>UNIGE_ALL</setSpec><setSpec>uge_aobs_RapidILL_BOOK</setSpec><setSpec>uge_acar_RapidILL_BOOK</setSpec></header><metadata>
<record xmlns="http://www.loc.gov/MARC21/slim" xmlns:xsi="http://www.w3.org/2001/XMLSchema-instance" xsi:schemaLocation="http://www.loc.gov/MARC21/slim http://www.loc.gov/standards/marcxml/schema/MARC21slim.xsd"><leader>01747nam a2200409 c 4500</leader><controlfield tag="001">991000783069705502</controlfield><controlfield tag="005">20230210174043.0</controlfield><controlfield tag="008">111205s2011    xxc||||| |||| 10| ||eng d</controlfield><datafield ind1=" " ind2=" " tag="020"><subfield code="a">9781552385388</subfield></datafield><datafield ind1=" " ind2=" " tag="035"><subfield code="a">(swissbib)114991138-41slsp_network</subfield></datafield><datafield ind1=" " ind2=" " tag="035"><subfield code="a">114991138</subfield><subfield code="9">ExL</subfield></datafield><datafield ind1=" " ind2=" " tag="035"><subfield code="a">(RERO)R006351881-41slsp</subfield></datafield><datafield ind1=" " ind2=" " tag="035"><subfield code="a">(EXLNZ-41SLSP_NETWORK)991129589789705501</subfield></datafield><datafield ind1=" " ind2=" " tag="040"><subfield code="a">RERO geulhg</subfield><subfield code="d">CH-ZuSLS</subfield></datafield><datafield ind1=" " ind2="7" tag="072"><subfield code="a">ht</subfield><subfield code="2">rero</subfield></datafield><datafield ind1=" " ind2="7" tag="072"><subfield code="a">sp</subfield><subfield code="2">rero</subfield></datafield><datafield ind1="0" ind2="0" tag="245"><subfield code="a">In the national interest</subfield><subfield code="b">Canadian foreign policy and the Department of Foreign Affairs and International trade, 1909-2009</subfield><subfield code="c">Greg Donaghy and Michael K. Carroll, editors</subfield></datafield><datafield ind1=" " ind2="1" tag="264"><subfield code="a">Calgary</subfield><subfield code="b">University of Calgary Press</subfield><subfield code="c">2011</subfield></datafield><datafield ind1=" " ind2=" " tag="300"><subfield code="a">ix, 272 p.</subfield></datafield><datafield ind1=" " ind2=" " tag="336"><subfield code="b">txt</subfield><subfield code="2">rdacontent</subfield></datafield><datafield ind1=" " ind2=" " tag="337"><subfield code="b">n</subfield><subfield code="2">rdamedia</subfield></datafield><datafield ind1=" " ind2=" " tag="338"><subfield code="b">nc</subfield><subfield code="2">rdacarrier</subfield></datafield><datafield ind1="1" ind2=" " tag="490"><subfield code="a">Beyond boundaries : Canadian defence and strategic studies series</subfield><subfield code="v">No. 3</subfield></datafield><datafield ind1=" " ind2=" " tag="504"><subfield code="a">Bibliography: p. 245-262</subfield></datafield><datafield ind1=" " ind2=" " tag="504"><subfield code="a">Index.</subfield></datafield><datafield ind1="2" ind2="7" tag="610"><subfield code="a">Canada</subfield><subfield code="b">Ministère des affaires extérieures</subfield><subfield code="g">1912-1989</subfield><subfield code="0">(IDREF)026436019</subfield><subfield code="2">idref</subfield></datafield><datafield ind1=" " ind2="7" tag="650"><subfield code="a">1909-2009</subfield><subfield code="2">rero</subfield></datafield><datafield ind1=" " ind2="7" tag="650"><subfield code="a">Relations internationales</subfield><subfield code="0">(IDREF)027805905</subfield><subfield code="2">idref</subfield></datafield><datafield ind1=" " ind2="7" tag="650"><subfield code="a">Relations économiques internationales</subfield><subfield code="0">(IDREF)027323161</subfield><subfield code="2">idref</subfield></datafield><datafield ind1=" " ind2="7" tag="650"><subfield code="a">Relations extérieures</subfield><subfield code="0">(IDREF)027811255</subfield><subfield code="2">idref</subfield></datafield><datafield ind1=" " ind2="7" tag="651"><subfield code="a">Canada</subfield><subfield code="0">(IDREF)027250679</subfield><subfield code="2">idref</subfield></datafield><datafield ind1=" " ind2="7" tag="655"><subfield code="a">Actes de congrès</subfield><subfield code="0">(IDREF)02886431X</subfield><subfield code="2">idref</subfield></datafield><datafield ind1="1" ind2=" " tag="700"><subfield code="a">Donaghy, Greg</subfield><subfield code="d">1961-....</subfield><subfield code="0">(IDREF)05746958X</subfield></datafield><datafield ind1="1" ind2=" " tag="700"><subfield code="a">Carroll, Michael Kiernan</subfield><subfield code="0">(RERO)A020153473</subfield></datafield><datafield ind1="2" ind2=" " tag="710"><subfield code="a">University of Calgary</subfield><subfield code="b">Centre for Military and Strategic Studies</subfield><subfield code="b">Conference</subfield><subfield code="d">2009</subfield><subfield code="c">Calgary</subfield><subfield code="0">(RERO)A020154075</subfield></datafield><datafield ind1="2" ind2=" " tag="710"><subfield code="a">Canada</subfield><subfield code="b">Ministère des affaires extérieures</subfield><subfield code="g">1912-1989</subfield><subfield code="0">(IDREF)026436019</subfield></datafield><datafield ind1=" " ind2="0" tag="830"><subfield code="a">Beyond boundaries</subfield><subfield code="v">3</subfield><subfield code="w">(RERO)R006351861-41slsp</subfield></datafield><datafield ind1=" " ind2=" " tag="900"><subfield code="a">REROnoselfmerge</subfield></datafield></record>
</metadata></record>