<record><header><identifier>oai:alma.41SLSP_UGE:991000783279705502</identifier><datestamp>2024-03-08T01:17:11Z</datestamp><setSpec>uge_bcen_RapidILL_BOOK</setSpec><setSpec>uge_aaca_RapidILL_BOOK</setSpec><setSpec>uge_abels_RapidILL_BOOK</setSpec><setSpec>uge_dbu_RapidILL_BOOK</setSpec><setSpec>uge_cmu_RapidILL_BOOK</setSpec><setSpec>uge_mail_RapidILL_BOOK</setSpec><setSpec>uge_abbat_RapidILL_BOOK</setSpec><setSpec>UNIGE_ALL</setSpec><setSpec>uge_aobs_RapidILL_BOOK</setSpec><setSpec>uge_acar_RapidILL_BOOK</setSpec></header><metadata>
<record xmlns="http://www.loc.gov/MARC21/slim" xmlns:xsi="http://www.w3.org/2001/XMLSchema-instance" xsi:schemaLocation="http://www.loc.gov/MARC21/slim http://www.loc.gov/standards/marcxml/schema/MARC21slim.xsd"><leader>01802nam a2200373 c 4500</leader><controlfield tag="001">991000783279705502</controlfield><controlfield tag="005">20240307234651.0</controlfield><controlfield tag="008">201012s1956    sz ||||| |||| 00| ||ger d</controlfield><datafield ind1=" " ind2=" " tag="035"><subfield code="a">(swissbib)238736326-41slsp_network</subfield></datafield><datafield ind1=" " ind2=" " tag="035"><subfield code="a">238736326</subfield><subfield code="9">ExL</subfield></datafield><datafield ind1=" " ind2=" " tag="035"><subfield code="a">(RERO)0114205-41slsp</subfield></datafield><datafield ind1=" " ind2=" " tag="035"><subfield code="a">(IDSSG)000358699HSB01</subfield></datafield><datafield ind1=" " ind2=" " tag="035"><subfield code="a">(NEBIS)004420268EBI01</subfield></datafield><datafield ind1=" " ind2=" " tag="035"><subfield code="a">(ABN)000498835ABN01</subfield></datafield><datafield ind1=" " ind2=" " tag="035"><subfield code="a">(EXLNZ-41SLSP_NETWORK)991084286299705501</subfield></datafield><datafield ind1=" " ind2=" " tag="040"><subfield code="a">RERO</subfield><subfield code="d">CH-ZuSLS</subfield></datafield><datafield ind1=" " ind2="7" tag="072"><subfield code="a">go</subfield><subfield code="2">rero</subfield></datafield><datafield ind1=" " ind2="7" tag="072"><subfield code="a">st</subfield><subfield code="2">rero</subfield></datafield><datafield ind1="1" ind2=" " tag="100"><subfield code="a">Friedenreich, Otto</subfield><subfield code="0">(RERO)A003264505</subfield><subfield code="4">cre</subfield></datafield><datafield ind1="1" ind2="0" tag="245"><subfield code="a">&lt;&lt;Die&gt;&gt; Chrom-Nickelvererzungen des Peridotitstockes von Finero-Centovalli</subfield><subfield code="c">von Otto Friedenreich</subfield></datafield><datafield ind1=" " ind2="1" tag="264"><subfield code="a">Zuerich</subfield><subfield code="b">Leemann</subfield><subfield code="a">Bern</subfield><subfield code="b">Kuemmerly und Frey</subfield><subfield code="c">1956</subfield></datafield><datafield ind1=" " ind2=" " tag="300"><subfield code="a">P. 227-243</subfield><subfield code="b">fig.</subfield><subfield code="c">24 cm</subfield></datafield><datafield ind1=" " ind2=" " tag="336"><subfield code="b">txt</subfield><subfield code="2">rdacontent</subfield></datafield><datafield ind1=" " ind2=" " tag="337"><subfield code="b">n</subfield><subfield code="2">rdamedia</subfield></datafield><datafield ind1=" " ind2=" " tag="338"><subfield code="b">nc</subfield><subfield code="2">rdacarrier</subfield></datafield><datafield ind1="1" ind2=" " tag="490"><subfield code="a">Beiträge zur Geologie der Schweiz. Kleinere Mitteilungen</subfield><subfield code="v">Nr. 17</subfield></datafield><datafield ind1=" " ind2=" " tag="500"><subfield code="a">SA aus: Schweizerische Mineralogische und Petrographiesche Mitteilungen ; Bd. 36, H. 1</subfield></datafield><datafield ind1=" " ind2=" " tag="500"><subfield code="a">SA aus &quot;Schweiz. Min. Petr. Mitt.&quot;, Band 36, Heft 1, 1956</subfield></datafield><datafield ind1=" " ind2=" " tag="580"><subfield code="a">Tiré à part de: Schweizerische mineralogische und petrographische Mitteilungen. - 1956, Bd. 36, H. 1</subfield></datafield><datafield ind1="1" ind2=" " tag="700"><subfield code="a">Friedenreich, O.</subfield></datafield><datafield ind1=" " ind2=" " tag="830"><subfield code="a">Beiträge zur Geologie der Schweiz</subfield><subfield code="p">Geotechnische Serie</subfield><subfield code="p">Kleinere Mitteilungen</subfield><subfield code="v">17</subfield><subfield code="w">(NEBIS)000043303EBI01</subfield></datafield><datafield ind1=" " ind2=" " tag="830"><subfield code="a">Matériaux pour la géologie de la Suisse</subfield><subfield code="p">Bulletin</subfield><subfield code="v">17</subfield><subfield code="w">(RERO)0010475-41slsp</subfield></datafield><datafield ind1=" " ind2=" " tag="900"><subfield code="a">REROnoselfmerge</subfield></datafield><datafield ind1=" " ind2=" " tag="900"><subfield code="a">IDSZRMedeaZBZ</subfield><subfield code="b">IDSZRSWK</subfield></datafield></record>
</metadata></record>