<record><header><identifier>oai:alma.41SLSP_UGE:991000783809705502</identifier><datestamp>2023-03-01T01:09:56Z</datestamp><setSpec>uge_bcen_RapidILL_BOOK</setSpec><setSpec>uge_aaca_RapidILL_BOOK</setSpec><setSpec>uge_abels_RapidILL_BOOK</setSpec><setSpec>uge_dbu_RapidILL_BOOK</setSpec><setSpec>uge_cmu_RapidILL_BOOK</setSpec><setSpec>uge_mail_RapidILL_BOOK</setSpec><setSpec>UNIGE_ALL</setSpec><setSpec>uge_abbat_RapidILL_BOOK</setSpec><setSpec>uge_acar_RapidILL_BOOK</setSpec><setSpec>uge_aobs_RapidILL_BOOK</setSpec></header><metadata>
<record xmlns="http://www.loc.gov/MARC21/slim" xmlns:xsi="http://www.w3.org/2001/XMLSchema-instance" xsi:schemaLocation="http://www.loc.gov/MARC21/slim http://www.loc.gov/standards/marcxml/schema/MARC21slim.xsd"><leader>02669nam a2200457 c 4500</leader><controlfield tag="001">991000783809705502</controlfield><controlfield tag="005">20230127213626.0</controlfield><controlfield tag="008">201011s2017    be ||||| |||| 00| ||fre d</controlfield><datafield ind1=" " ind2=" " tag="020"><subfield code="a">9782807306738</subfield></datafield><datafield ind1=" " ind2=" " tag="020"><subfield code="a">280730673X</subfield></datafield><datafield ind1="7" ind2=" " tag="024"><subfield code="a">http://catalogue.bnf.fr/ark:/12148/cb45212235d</subfield><subfield code="2">uri</subfield></datafield><datafield ind1=" " ind2=" " tag="035"><subfield code="a">(swissbib)230704972-41slsp_network</subfield></datafield><datafield ind1=" " ind2=" " tag="035"><subfield code="a">230704972</subfield><subfield code="9">ExL</subfield></datafield><datafield ind1=" " ind2=" " tag="035"><subfield code="a">(RERO)R008601667-41slsp</subfield></datafield><datafield ind1=" " ind2=" " tag="035"><subfield code="a">(NEBIS)011147394EBI01</subfield></datafield><datafield ind1=" " ind2=" " tag="035"><subfield code="a">(OCoLC)972323689</subfield></datafield><datafield ind1=" " ind2=" " tag="035"><subfield code="a">(EXLNZ-41SLSP_NETWORK)991071519299705501</subfield></datafield><datafield ind1=" " ind2=" " tag="040"><subfield code="a">ZWZ</subfield><subfield code="b">fre</subfield><subfield code="e">ncafnor</subfield><subfield code="d">CH-ZuSLS</subfield></datafield><datafield ind1="0" ind2=" " tag="041"><subfield code="a">fre</subfield><subfield code="f">fre</subfield></datafield><datafield ind1=" " ind2="4" tag="050"><subfield code="a">HD30.28</subfield></datafield><datafield ind1=" " ind2="7" tag="072"><subfield code="a">se</subfield><subfield code="2">rero</subfield></datafield><datafield ind1="0" ind2="4" tag="082"><subfield code="a">658.401 2</subfield></datafield><datafield ind1="1" ind2=" " tag="100"><subfield code="a">Neysen, Nicolas</subfield><subfield code="0">(IDREF)198267940</subfield><subfield code="4">aut</subfield></datafield><datafield ind1="1" ind2="0" tag="245"><subfield code="a">Stratégie des organisations</subfield><subfield code="b">fondements et pratiques du management stratégique</subfield><subfield code="c">Nicolas Neysen ; [préface de Bruno Berthon]</subfield></datafield><datafield ind1=" " ind2="1" tag="264"><subfield code="a">Louvain-La-Neuve</subfield><subfield code="b">De Boeck Supérieur</subfield><subfield code="c">[2017]</subfield></datafield><datafield ind1=" " ind2=" " tag="300"><subfield code="a">250 pages</subfield><subfield code="b">ill.</subfield><subfield code="c">24 cm</subfield></datafield><datafield ind1=" " ind2=" " tag="336"><subfield code="b">txt</subfield><subfield code="2">rdacontent</subfield></datafield><datafield ind1=" " ind2=" " tag="337"><subfield code="b">n</subfield><subfield code="2">rdamedia</subfield></datafield><datafield ind1=" " ind2=" " tag="338"><subfield code="b">nc</subfield><subfield code="2">rdacarrier</subfield></datafield><datafield ind1="0" ind2=" " tag="490"><subfield code="a">Business school</subfield></datafield><datafield ind1=" " ind2=" " tag="504"><subfield code="a">Bibliogr. en fin de chapitres. Notes bibliogr. Glossaire. Index</subfield></datafield><datafield ind1=" " ind2=" " tag="520"><subfield code="a">&quot;La stratégie fait partie des sciences de gestion et, à ce titre, elle apporte des outils qui aident le gestionnaire dans ses tâches d'analyse, de décision et de planification des actions à entreprendre. Souvent décrite comme un processus linéaire, la stratégie est conçue dans cet ouvrage plutôt comme un cycle itératif dans lequel les principaux concepts de la stratégie s'inscrivent de manière dynamique. Le but est de démontrer que toute nouvelle stratégie s'enrichit de l'implémentation d'une stratégie antérieure. Cet ouvrage défend l'idée que la stratégie en tant qu'outil de gestion n'est pas réservée aux seules entreprises commerciales. Toute organisation qui souhaite se développer peut trouver un intérêt dans l'adoption d'une démarche stratégique telle que présentée dans cet ouvrage. Ce dernier est conçu tel un guide qui comporte de multiples illustrations et cas concrets qui mettent la théorie au service du pratique, et non l'inverse.&quot;--Page 4 de la couverture</subfield></datafield><datafield ind1=" " ind2="7" tag="650"><subfield code="a">Gestion d'entreprise</subfield><subfield code="0">(IDREF)027228096</subfield><subfield code="2">idref</subfield></datafield><datafield ind1=" " ind2="7" tag="650"><subfield code="a">Planification stratégique</subfield><subfield code="0">(IDREF)028181867</subfield><subfield code="2">idref</subfield></datafield><datafield ind1=" " ind2="6" tag="650"><subfield code="a">Gestion d'entreprise</subfield></datafield><datafield ind1=" " ind2="6" tag="650"><subfield code="a">Planification stratégique</subfield></datafield><datafield ind1=" " ind2="7" tag="650"><subfield code="a">Planification stratégique</subfield><subfield code="2">ram</subfield></datafield><datafield ind1=" " ind2="7" tag="650"><subfield code="a">Gestion d'entreprise</subfield><subfield code="2">ram</subfield></datafield><datafield ind1=" " ind2="7" tag="650"><subfield code="a">GESTION STRATÉGIQUE</subfield><subfield code="9">fre</subfield><subfield code="0">(ETHUDK)000042954</subfield><subfield code="2">ethudk</subfield></datafield><datafield ind1=" " ind2="7" tag="650"><subfield code="a">STRATÉGIES D'ENTREPRISE</subfield><subfield code="9">fre</subfield><subfield code="0">(ETHUDK)000060176</subfield><subfield code="2">ethudk</subfield></datafield><datafield ind1=" " ind2=" " tag="900"><subfield code="a">REROnoselfmerge</subfield></datafield><datafield ind1=" " ind2=" " tag="910"><subfield code="a">OCoLC</subfield><subfield code="b">20170221</subfield><subfield code="c">Droits réservés</subfield></datafield></record>
</metadata></record>