<record><header><identifier>oai:alma.41SLSP_UGE:991000783289705502</identifier><datestamp>2023-03-01T01:09:56Z</datestamp><setSpec>uge_bcen_RapidILL_BOOK</setSpec><setSpec>uge_aaca_RapidILL_BOOK</setSpec><setSpec>uge_abels_RapidILL_BOOK</setSpec><setSpec>uge_dbu_RapidILL_BOOK</setSpec><setSpec>uge_cmu_RapidILL_BOOK</setSpec><setSpec>uge_mail_RapidILL_BOOK</setSpec><setSpec>UNIGE_ALL</setSpec><setSpec>uge_abbat_RapidILL_BOOK</setSpec><setSpec>uge_aobs_RapidILL_BOOK</setSpec><setSpec>uge_acar_RapidILL_BOOK</setSpec></header><metadata>
<record xmlns="http://www.loc.gov/MARC21/slim" xmlns:xsi="http://www.w3.org/2001/XMLSchema-instance" xsi:schemaLocation="http://www.loc.gov/MARC21/slim http://www.loc.gov/standards/marcxml/schema/MARC21slim.xsd"><leader>01766nam a2200445uc 4500</leader><controlfield tag="001">991000783289705502</controlfield><controlfield tag="005">20201231101657.0</controlfield><controlfield tag="008">201012s1992    xxu           00| | eng|d</controlfield><datafield ind1=" " ind2=" " tag="010"><subfield code="a">92018059</subfield></datafield><datafield ind1=" " ind2=" " tag="019"><subfield code="a">Andrews, George E. (1938-) / Library of Congress</subfield></datafield><datafield ind1=" " ind2=" " tag="020"><subfield code="a">0821825380</subfield></datafield><datafield ind1=" " ind2=" " tag="035"><subfield code="a">(swissbib)239768302-41slsp_network</subfield></datafield><datafield ind1=" " ind2=" " tag="035"><subfield code="a">239768302</subfield><subfield code="9">ExL</subfield></datafield><datafield ind1=" " ind2=" " tag="035"><subfield code="a">(NEBIS)000659631EBI01</subfield></datafield><datafield ind1=" " ind2=" " tag="035"><subfield code="a">(RERO)1593333-41slsp</subfield></datafield><datafield ind1=" " ind2=" " tag="035"><subfield code="a">(EXLNZ-41SLSP_NETWORK)991027955129705501</subfield></datafield><datafield ind1=" " ind2=" " tag="040"><subfield code="a">ETH-BIB</subfield><subfield code="b">ger</subfield><subfield code="e">ETHICS-ISBD</subfield><subfield code="d">CH-ZuSLS</subfield></datafield><datafield ind1=" " ind2="7" tag="072"><subfield code="a">ma</subfield><subfield code="2">rero</subfield></datafield><datafield ind1="0" ind2="0" tag="082"><subfield code="a">510 s</subfield><subfield code="a">515/.243</subfield><subfield code="2">20</subfield></datafield><datafield ind1="0" ind2="4" tag="082"><subfield code="a">515/.243</subfield><subfield code="2">20</subfield></datafield><datafield ind1=" " ind2=" " tag="084"><subfield code="a">30</subfield><subfield code="2">msc</subfield></datafield><datafield ind1="0" ind2="0" tag="245"><subfield code="a">&lt;&lt;The&gt;&gt; continued fractions found in the unorganized portions of Ramanujan's notebooks</subfield><subfield code="c">G. E. Andrews ... [et al.]</subfield></datafield><datafield ind1=" " ind2="1" tag="264"><subfield code="a">Providence, Rhode Island</subfield><subfield code="b">American Mathematical Society</subfield><subfield code="c">1992</subfield></datafield><datafield ind1=" " ind2=" " tag="300"><subfield code="a">VI, 71 S.</subfield><subfield code="c">26 cm</subfield></datafield><datafield ind1=" " ind2=" " tag="336"><subfield code="b">txt</subfield><subfield code="2">rdacontent</subfield></datafield><datafield ind1=" " ind2=" " tag="337"><subfield code="b">n</subfield><subfield code="2">rdamedia</subfield></datafield><datafield ind1=" " ind2=" " tag="338"><subfield code="b">nc</subfield><subfield code="2">rdacarrier</subfield></datafield><datafield ind1="1" ind2=" " tag="490"><subfield code="a">Memoirs of the American Mathematical Society</subfield><subfield code="v">no. 477</subfield></datafield><datafield ind1=" " ind2=" " tag="504"><subfield code="a">Includes bibliographical references (p. )</subfield></datafield><datafield ind1="1" ind2="7" tag="600"><subfield code="a">Ramanujan Aiyangar, Srinivasa</subfield><subfield code="d">1887-1920</subfield><subfield code="0">(DE-588)118748955</subfield><subfield code="2">gnd</subfield></datafield><datafield ind1=" " ind2="7" tag="650"><subfield code="a">Kettenbruch</subfield><subfield code="2">idszbz</subfield></datafield><datafield ind1=" " ind2="7" tag="650"><subfield code="a">Kettenbruch</subfield><subfield code="0">(DE-588)4030401-2</subfield><subfield code="2">gnd</subfield></datafield><datafield ind1=" " ind2="0" tag="650"><subfield code="a">Continued fractions</subfield></datafield><datafield ind1=" " ind2="7" tag="650"><subfield code="a">KETTENBRÜCHE (ZAHLENTHEORIE)</subfield><subfield code="9">ger</subfield><subfield code="0">(ETHUDK)000012532</subfield><subfield code="2">ethudk</subfield></datafield><datafield ind1="1" ind2=" " tag="700"><subfield code="a">Ramanujan Aiyangar, Srinivasa</subfield><subfield code="c">Mathématicien</subfield></datafield><datafield ind1="1" ind2="2" tag="700"><subfield code="a">Ramanujan Aiyangar, Srinivasa</subfield><subfield code="c">Mathématicien</subfield><subfield code="t">Ramanujan's notebooks</subfield></datafield><datafield ind1="1" ind2=" " tag="700"><subfield code="a">Andrews, George E.</subfield><subfield code="d">1938-</subfield><subfield code="0">(DE-588)122581342</subfield><subfield code="6">880-02</subfield></datafield><datafield ind1="1" ind2=" " tag="880"><subfield code="6">700-02</subfield><subfield code="a">Andrews, George E.</subfield><subfield code="d">1938-....</subfield><subfield code="0">(IDREF)031925421</subfield></datafield><datafield ind1=" " ind2=" " tag="830"><subfield code="a">Memoirs of the American Mathematical Society</subfield><subfield code="v">477</subfield><subfield code="w">(NEBIS)000023178EBI01</subfield></datafield><datafield ind1=" " ind2=" " tag="900"><subfield code="f">IDSU2medea</subfield></datafield><datafield ind1=" " ind2=" " tag="900"><subfield code="a">REROnoselfmerge</subfield></datafield></record>
</metadata></record>