<record><header><identifier>oai:alma.41SLSP_UGE:991000783389705502</identifier><datestamp>2023-03-01T01:09:56Z</datestamp><setSpec>uge_bcen_RapidILL_BOOK</setSpec><setSpec>uge_aaca_RapidILL_BOOK</setSpec><setSpec>uge_abels_RapidILL_BOOK</setSpec><setSpec>uge_dbu_RapidILL_BOOK</setSpec><setSpec>uge_cmu_RapidILL_BOOK</setSpec><setSpec>uge_mail_RapidILL_BOOK</setSpec><setSpec>UNIGE_ALL</setSpec><setSpec>uge_abbat_RapidILL_BOOK</setSpec><setSpec>uge_acar_RapidILL_BOOK</setSpec><setSpec>uge_aobs_RapidILL_BOOK</setSpec></header><metadata>
<record xmlns="http://www.loc.gov/MARC21/slim" xmlns:xsi="http://www.w3.org/2001/XMLSchema-instance" xsi:schemaLocation="http://www.loc.gov/MARC21/slim http://www.loc.gov/standards/marcxml/schema/MARC21slim.xsd"><leader>01738nam a2200445 c 4500</leader><controlfield tag="001">991000783389705502</controlfield><controlfield tag="005">20201229231730.0</controlfield><controlfield tag="008">201011s1905    gw ad         001 0 ger  </controlfield><datafield ind1=" " ind2=" " tag="035"><subfield code="a">(swissbib)217302599-41slsp_network</subfield></datafield><datafield ind1=" " ind2=" " tag="035"><subfield code="a">217302599</subfield><subfield code="9">ExL</subfield></datafield><datafield ind1=" " ind2=" " tag="035"><subfield code="a">(NEBIS)007883572EBI01</subfield></datafield><datafield ind1=" " ind2=" " tag="035"><subfield code="a">(NEBIS)003360384EBI01</subfield></datafield><datafield ind1=" " ind2=" " tag="035"><subfield code="a">(RERO)R008178542-41slsp</subfield></datafield><datafield ind1=" " ind2=" " tag="035"><subfield code="a">(IDSBB)002043435DSV01</subfield></datafield><datafield ind1=" " ind2=" " tag="035"><subfield code="a">(EXLNZ-41SLSP_NETWORK)991097194649705501</subfield></datafield><datafield ind1=" " ind2=" " tag="040"><subfield code="a">SzZuIDS NEBIS UZH</subfield><subfield code="d">CH-ZuSLS</subfield></datafield><datafield ind1=" " ind2="7" tag="072"><subfield code="a">et</subfield><subfield code="2">rero</subfield></datafield><datafield ind1=" " ind2="7" tag="072"><subfield code="a">et</subfield><subfield code="2">SzZuIDS BS/BE</subfield></datafield><datafield ind1="1" ind2=" " tag="100"><subfield code="a">Martin, Rudolf</subfield><subfield code="d">1864-1925</subfield><subfield code="0">(DE-588)118945092</subfield><subfield code="6">880-01</subfield></datafield><datafield ind1="1" ind2=" " tag="880"><subfield code="a">Martin, Rudolf</subfield><subfield code="0">(RERO)A003566823</subfield><subfield code="4">cre</subfield><subfield code="6">100-01</subfield></datafield><datafield ind1="1" ind2="0" tag="245"><subfield code="a">&lt;&lt;Die&gt;&gt; Inlandstämme der Malayischen Halbinsel</subfield><subfield code="b">wissenschaftliche Ergebnisse einer Reise durch die Vereinigten Malayischen Staaten</subfield><subfield code="c">von Rudolf Martin</subfield></datafield><datafield ind1=" " ind2="1" tag="264"><subfield code="a">Jena</subfield><subfield code="b">Gustav Fischer</subfield><subfield code="c">1905</subfield></datafield><datafield ind1=" " ind2=" " tag="300"><subfield code="a">1052 p., 26 f. de pl.</subfield><subfield code="b">ill.</subfield><subfield code="e">1 carte</subfield></datafield><datafield ind1=" " ind2=" " tag="336"><subfield code="b">txt</subfield><subfield code="2">rdacontent</subfield></datafield><datafield ind1=" " ind2=" " tag="337"><subfield code="b">n</subfield><subfield code="2">rdamedia</subfield></datafield><datafield ind1=" " ind2=" " tag="338"><subfield code="b">nc</subfield><subfield code="2">rdacarrier</subfield></datafield><datafield ind1=" " ind2=" " tag="500"><subfield code="a">ANTH 1. Expl.: Korrekturausg. in 3 Bdn., 2. Expl.: Buchhandelsausg. in 1 Bd.</subfield></datafield><datafield ind1=" " ind2="7" tag="650"><subfield code="a">Ergologie</subfield><subfield code="0">(DE-588)4152757-4</subfield><subfield code="2">gnd</subfield></datafield><datafield ind1=" " ind2="7" tag="650"><subfield code="a">Humanbiologie</subfield><subfield code="0">(DE-588)4160775-2</subfield><subfield code="2">gnd</subfield></datafield><datafield ind1=" " ind2="7" tag="650"><subfield code="a">Mantra</subfield><subfield code="0">(DE-588)4037413-0</subfield><subfield code="2">gnd</subfield></datafield><datafield ind1=" " ind2="7" tag="650"><subfield code="a">Pflanzen</subfield><subfield code="0">(DE-588)4045539-7</subfield><subfield code="2">gnd</subfield></datafield><datafield ind1=" " ind2="7" tag="650"><subfield code="a">Religiosität</subfield><subfield code="0">(DE-588)4049428-7</subfield><subfield code="2">gnd</subfield></datafield><datafield ind1=" " ind2="7" tag="650"><subfield code="a">Semang</subfield><subfield code="0">(DE-588)4475554-5</subfield><subfield code="2">gnd</subfield></datafield><datafield ind1=" " ind2="7" tag="650"><subfield code="a">Senoi</subfield><subfield code="0">(DE-588)4118591-2</subfield><subfield code="2">gnd</subfield></datafield><datafield ind1=" " ind2="7" tag="650"><subfield code="a">Tiere</subfield><subfield code="0">(DE-588)4060087-7</subfield><subfield code="2">gnd</subfield></datafield><datafield ind1=" " ind2="7" tag="650"><subfield code="a">Weltbild</subfield><subfield code="0">(DE-588)4065352-3</subfield><subfield code="2">gnd</subfield></datafield><datafield ind1=" " ind2="7" tag="651"><subfield code="a">Malaysia</subfield><subfield code="0">(DE-588)4037203-0</subfield><subfield code="2">gnd</subfield></datafield><datafield ind1=" " ind2=" " tag="690"><subfield code="a">10</subfield><subfield code="d">Bevölkerungsbiologie regional: Asien</subfield><subfield code="2">uzb-UB</subfield></datafield><datafield ind1=" " ind2=" " tag="691"><subfield code="e">AN 1.a</subfield><subfield code="a">Modern Malaya</subfield><subfield code="2">ubs-FH</subfield></datafield><datafield ind1=" " ind2=" " tag="900"><subfield code="a">IDSZRMedeaZBZ</subfield><subfield code="b">IDSZRSWK</subfield></datafield><datafield ind1=" " ind2=" " tag="900"><subfield code="a">REROnoselfmerge</subfield></datafield></record>
</metadata></record>