<record><header><identifier>oai:alma.41SLSP_UGE:991000783529705502</identifier><datestamp>2023-03-01T01:09:56Z</datestamp><setSpec>uge_bcen_RapidILL_BOOK</setSpec><setSpec>uge_aaca_RapidILL_BOOK</setSpec><setSpec>uge_abels_RapidILL_BOOK</setSpec><setSpec>uge_dbu_RapidILL_BOOK</setSpec><setSpec>uge_cmu_RapidILL_BOOK</setSpec><setSpec>uge_mail_RapidILL_BOOK</setSpec><setSpec>UNIGE_ALL</setSpec><setSpec>uge_abbat_RapidILL_BOOK</setSpec><setSpec>uge_aobs_RapidILL_BOOK</setSpec><setSpec>uge_acar_RapidILL_BOOK</setSpec></header><metadata>
<record xmlns="http://www.loc.gov/MARC21/slim" xmlns:xsi="http://www.w3.org/2001/XMLSchema-instance" xsi:schemaLocation="http://www.loc.gov/MARC21/slim http://www.loc.gov/standards/marcxml/schema/MARC21slim.xsd"><leader>02045nam a2200313 c 4500</leader><controlfield tag="001">991000783529705502</controlfield><controlfield tag="005">20210206211224.0</controlfield><controlfield tag="008">000907s1992    gr ||||| |||| 00| ||gre d</controlfield><datafield ind1=" " ind2=" " tag="035"><subfield code="a">(swissbib)091302331-41slsp_network</subfield></datafield><datafield ind1=" " ind2=" " tag="035"><subfield code="a">091302331</subfield><subfield code="9">ExL</subfield></datafield><datafield ind1=" " ind2=" " tag="035"><subfield code="a">(RERO)2203084-41slsp</subfield></datafield><datafield ind1=" " ind2=" " tag="035"><subfield code="a">(EXLNZ-41SLSP_NETWORK)991112587709705501</subfield></datafield><datafield ind1=" " ind2=" " tag="040"><subfield code="a">RERO geulhg</subfield><subfield code="d">CH-ZuSLS</subfield></datafield><datafield ind1=" " ind2="7" tag="072"><subfield code="a">gr</subfield><subfield code="2">rero</subfield></datafield><datafield ind1="1" ind2=" " tag="100"><subfield code="6">880-01</subfield><subfield code="a">Kokkinos, Dionysios A.</subfield><subfield code="d">1884-1967</subfield><subfield code="0">(IDREF)133679667</subfield><subfield code="4">cre</subfield></datafield><datafield ind1="1" ind2=" " tag="880"><subfield code="6">100-01/(S</subfield><subfield code="a">Κόκκινος, Διονύσιος Α.</subfield></datafield><datafield ind1="1" ind2="0" tag="245"><subfield code="6">880-02</subfield><subfield code="a">&lt;&lt;Mia&gt;&gt; touphekia sto galazio nero</subfield><subfield code="c">Dionysios A. Kokkinos</subfield></datafield><datafield ind1="1" ind2="0" tag="880"><subfield code="6">245-02/(S</subfield><subfield code="a">&lt;&lt;Μία&gt;&gt; τουφεκιά στο γαλάζιο νερό</subfield><subfield code="c">Διονύσιος Α. Κόκκινος</subfield></datafield><datafield ind1="1" ind2=" " tag="246"><subfield code="a">Toufekiá sto galázio neró / Dionýsios A. Kokkinos</subfield></datafield><datafield ind1=" " ind2="1" tag="264"><subfield code="6">880-03</subfield><subfield code="a">Athí̲na</subfield><subfield code="b">Neféli̲</subfield><subfield code="c">1992</subfield></datafield><datafield ind1=" " ind2="1" tag="880"><subfield code="6">264-03/(S</subfield><subfield code="a">Αθήνα</subfield><subfield code="b">Νεφέλη</subfield><subfield code="c">1992</subfield></datafield><datafield ind1=" " ind2=" " tag="300"><subfield code="a">206 p.</subfield><subfield code="c">18 cm</subfield></datafield><datafield ind1=" " ind2=" " tag="336"><subfield code="b">txt</subfield><subfield code="2">rdacontent</subfield></datafield><datafield ind1=" " ind2=" " tag="337"><subfield code="b">n</subfield><subfield code="2">rdamedia</subfield></datafield><datafield ind1=" " ind2=" " tag="338"><subfield code="b">nc</subfield><subfield code="2">rdacarrier</subfield></datafield><datafield ind1="1" ind2=" " tag="490"><subfield code="6">880-04</subfield><subfield code="a">I pezografikí̲ mas parádosi</subfield><subfield code="v">50</subfield></datafield><datafield ind1="0" ind2=" " tag="880"><subfield code="6">490-04/(S</subfield><subfield code="a">Η πεζογραφική μας παράδοση</subfield><subfield code="v">50</subfield></datafield><datafield ind1=" " ind2="0" tag="830"><subfield code="6">880-05</subfield><subfield code="a">&lt;&lt;Hē&gt;&gt; pezographikē mas paradosē</subfield><subfield code="v">50</subfield><subfield code="w">(RERO)1649720-41slsp</subfield></datafield><datafield ind1=" " ind2="0" tag="880"><subfield code="6">830-05/(S</subfield><subfield code="a">&lt;&lt;Η&gt;&gt; πεζογραφική μας παράδοση</subfield><subfield code="v">50</subfield></datafield><datafield ind1=" " ind2=" " tag="900"><subfield code="a">REROnoselfmerge</subfield></datafield></record>
</metadata></record>