<record><header><identifier>oai:alma.41SLSP_UGE:991000783629705502</identifier><datestamp>2023-03-01T01:09:56Z</datestamp><setSpec>uge_bcen_RapidILL_BOOK</setSpec><setSpec>uge_aaca_RapidILL_BOOK</setSpec><setSpec>uge_abels_RapidILL_BOOK</setSpec><setSpec>uge_dbu_RapidILL_BOOK</setSpec><setSpec>uge_cmu_RapidILL_BOOK</setSpec><setSpec>uge_mail_RapidILL_BOOK</setSpec><setSpec>UNIGE_ALL</setSpec><setSpec>uge_abbat_RapidILL_BOOK</setSpec><setSpec>uge_aobs_RapidILL_BOOK</setSpec><setSpec>uge_acar_RapidILL_BOOK</setSpec></header><metadata>
<record xmlns="http://www.loc.gov/MARC21/slim" xmlns:xsi="http://www.w3.org/2001/XMLSchema-instance" xsi:schemaLocation="http://www.loc.gov/MARC21/slim http://www.loc.gov/standards/marcxml/schema/MARC21slim.xsd"><leader>03011nam a22006977c 4500</leader><controlfield tag="001">991000783629705502</controlfield><controlfield tag="005">20230116184409.0</controlfield><controlfield tag="008">201011s2008    it ||||| |||| 10| ||ita d</controlfield><datafield ind1=" " ind2=" " tag="020"><subfield code="a">9788872285220</subfield></datafield><datafield ind1=" " ind2=" " tag="020"><subfield code="z">978887228522X</subfield></datafield><datafield ind1=" " ind2=" " tag="035"><subfield code="a">(swissbib)230622976-41slsp_network</subfield></datafield><datafield ind1=" " ind2=" " tag="035"><subfield code="a">230622976</subfield><subfield code="9">ExL</subfield></datafield><datafield ind1=" " ind2=" " tag="035"><subfield code="a">(RERO)R004979253-41slsp</subfield></datafield><datafield ind1=" " ind2=" " tag="035"><subfield code="a">(NEBIS)006030989EBI01</subfield></datafield><datafield ind1=" " ind2=" " tag="035"><subfield code="a">(IDSBB)005149795DSV01</subfield></datafield><datafield ind1=" " ind2=" " tag="035"><subfield code="a">(OCoLC)237883674</subfield></datafield><datafield ind1=" " ind2=" " tag="035"><subfield code="a">(EXLNZ-41SLSP_NETWORK)991043959459705501</subfield></datafield><datafield ind1=" " ind2=" " tag="040"><subfield code="a">RERO geulsa</subfield><subfield code="d">CH-ZuSLS</subfield></datafield><datafield ind1="0" ind2=" " tag="041"><subfield code="a">ita</subfield><subfield code="a">fre</subfield></datafield><datafield ind1=" " ind2=" " tag="050"><subfield code="a">DG</subfield></datafield><datafield ind1=" " ind2="7" tag="072"><subfield code="a">ar</subfield><subfield code="2">rero</subfield></datafield><datafield ind1=" " ind2="7" tag="072"><subfield code="a">ar</subfield><subfield code="2">SzZuIDS BS/BE</subfield></datafield><datafield ind1=" " ind2="7" tag="072"><subfield code="a">ag</subfield><subfield code="2">SzZuIDS BS/BE</subfield></datafield><datafield ind1="0" ind2="4" tag="082"><subfield code="a">937</subfield><subfield code="2">21</subfield></datafield><datafield ind1="1" ind2="4" tag="082"><subfield code="a">930</subfield><subfield code="2">15</subfield></datafield><datafield ind1="0" ind2="0" tag="245"><subfield code="a">Storia e archeologia della Daunia</subfield><subfield code="b">in ricordo di Marina Mazzei : atti delle giornate di studio (Foggia, 19-21 maggio 2005)</subfield><subfield code="c">a cura di Giuliano Volpe, Maria José Strazzulla e Danilo Leone</subfield></datafield><datafield ind1=" " ind2="1" tag="264"><subfield code="a">Bari</subfield><subfield code="b">Edipuglia</subfield><subfield code="c">2008</subfield></datafield><datafield ind1=" " ind2=" " tag="300"><subfield code="a">511 p.</subfield><subfield code="b">ill.</subfield></datafield><datafield ind1=" " ind2=" " tag="336"><subfield code="b">txt</subfield><subfield code="2">rdacontent</subfield></datafield><datafield ind1=" " ind2=" " tag="337"><subfield code="b">n</subfield><subfield code="2">rdamedia</subfield></datafield><datafield ind1=" " ind2=" " tag="338"><subfield code="b">nc</subfield><subfield code="2">rdacarrier</subfield></datafield><datafield ind1="1" ind2=" " tag="490"><subfield code="a">Insulae Diomedeae</subfield><subfield code="v">8</subfield></datafield><datafield ind1=" " ind2=" " tag="500"><subfield code="a">Atti della giornate di studio (Foggia, 19-21 maggio 2005)</subfield></datafield><datafield ind1=" " ind2=" " tag="500"><subfield code="a">Text überwiegend ital., mit einem franz. Beitrag</subfield></datafield><datafield ind1=" " ind2=" " tag="504"><subfield code="a">Includes bibliographical references</subfield></datafield><datafield ind1="1" ind2="7" tag="600"><subfield code="a">Mazzei, Marina</subfield><subfield code="d">1955-2004</subfield><subfield code="0">(DE-588)1034876562</subfield><subfield code="2">gnd</subfield></datafield><datafield ind1=" " ind2="4" tag="648"><subfield code="a">Vor- und Frühgeschichte</subfield></datafield><datafield ind1=" " ind2="7" tag="650"><subfield code="a">Archéologie</subfield><subfield code="0">(IDREF)02726971X</subfield><subfield code="2">idref</subfield></datafield><datafield ind1=" " ind2="7" tag="650"><subfield code="a">Antiquité</subfield><subfield code="0">(IDREF)027789888</subfield><subfield code="2">idref</subfield></datafield><datafield ind1=" " ind2="7" tag="650"><subfield code="a">APULIEN (ITALIEN)</subfield><subfield code="9">ger</subfield><subfield code="0">(ETHUDK)000003951</subfield><subfield code="2">ethudk</subfield></datafield><datafield ind1=" " ind2="7" tag="650"><subfield code="a">ARCHÄOLOGISCHE FELDARBEIT + ARCHÄOLOGISCHE FUNDORTE</subfield><subfield code="9">ger</subfield><subfield code="0">(ETHUDK)000036557</subfield><subfield code="2">ethudk</subfield></datafield><datafield ind1=" " ind2="7" tag="650"><subfield code="a">FESTSCHRIFTEN, GEDENKSCHRIFTEN FÜR PERSONEN (DOKUMENTENTYP)</subfield><subfield code="9">ger</subfield><subfield code="0">(ETHUDK)000009348</subfield><subfield code="2">ethudk</subfield></datafield><datafield ind1=" " ind2="7" tag="650"><subfield code="a">FUNDE + BODENFUNDE (ARCHAEOLOGIE, HISTOR.)</subfield><subfield code="9">ger</subfield><subfield code="0">(ETHUDK)000042805</subfield><subfield code="2">ethudk</subfield></datafield><datafield ind1=" " ind2="7" tag="650"><subfield code="a">FUNDE + BODENFUNDE (VORGESCHICHTE)</subfield><subfield code="9">ger</subfield><subfield code="0">(ETHUDK)000048615</subfield><subfield code="2">ethudk</subfield></datafield><datafield ind1=" " ind2="0" tag="650"><subfield code="a">Excavations (Archaeology)</subfield><subfield code="z">Italy</subfield><subfield code="v">Congresses</subfield><subfield code="z">Puglia</subfield></datafield><datafield ind1=" " ind2="0" tag="650"><subfield code="a">Daunii (Italic people)</subfield><subfield code="v">Congresses</subfield></datafield><datafield ind1=" " ind2="7" tag="651"><subfield code="a">Daunie (Italie)</subfield><subfield code="0">(RERO)A010071699</subfield><subfield code="2">rero</subfield></datafield><datafield ind1=" " ind2="0" tag="651"><subfield code="a">Puglia (Italy)</subfield><subfield code="x">Antiquities</subfield><subfield code="v">Congresses</subfield></datafield><datafield ind1=" " ind2="7" tag="651"><subfield code="a">Japyger</subfield><subfield code="v">Kongressbericht</subfield><subfield code="2">idsbb</subfield></datafield><datafield ind1=" " ind2="4" tag="651"><subfield code="a">Daunien</subfield></datafield><datafield ind1=" " ind2="7" tag="655"><subfield code="a">Actes de congrès</subfield><subfield code="0">(IDREF)02886431X</subfield><subfield code="2">idref</subfield></datafield><datafield ind1=" " ind2="7" tag="655"><subfield code="a">Festschrift</subfield><subfield code="2">gnd-content</subfield></datafield><datafield ind1=" " ind2="7" tag="655"><subfield code="a">Konferenzschrift</subfield><subfield code="z">Foggia</subfield><subfield code="y">2005</subfield><subfield code="2">gnd-content</subfield></datafield><datafield ind1="1" ind2=" " tag="700"><subfield code="a">Mazzei, Marina</subfield><subfield code="d">1955-2004</subfield><subfield code="0">(DE-588)1034876562</subfield><subfield code="6">880-02</subfield></datafield><datafield ind1="1" ind2=" " tag="880"><subfield code="6">700-02</subfield><subfield code="a">Mazzei, Marina</subfield><subfield code="d">1955-2004</subfield><subfield code="0">(IDREF)060383151</subfield></datafield><datafield ind1="1" ind2=" " tag="700"><subfield code="a">Volpe, Giuliano</subfield><subfield code="d">1958-</subfield><subfield code="0">(DE-588)1077754426</subfield><subfield code="6">880-03</subfield></datafield><datafield ind1="1" ind2=" " tag="880"><subfield code="6">700-03</subfield><subfield code="a">Volpe, Giuliano</subfield><subfield code="d">1958-....</subfield><subfield code="0">(IDREF)050138022</subfield></datafield><datafield ind1="4" ind2=" " tag="856"><subfield code="3">Titelblatt und Inhaltsverzeichnis</subfield><subfield code="u">https://toc.library.ethz.ch/objects/pdf/e32_978-88-7228-522-X_01.pdf</subfield><subfield code="q">pdf</subfield></datafield><datafield ind1=" " ind2=" " tag="830"><subfield code="a">Insulae Diomedeae</subfield><subfield code="v">8</subfield><subfield code="w">(IDSBB)003946117DSV01</subfield></datafield><datafield ind1=" " ind2=" " tag="900"><subfield code="a">REROnoselfmerge</subfield></datafield><datafield ind1=" " ind2=" " tag="900"><subfield code="f">IDSU2medea</subfield></datafield><datafield ind1=" " ind2=" " tag="949"><subfield code="a">https://toc.library.ethz.ch/objects/pdf/e32_978-88-7228-522-X_01.pdf</subfield></datafield></record>
</metadata></record>