<record><header><identifier>oai:alma.41SLSP_UGE:991000783839705502</identifier><datestamp>2024-07-22T01:31:56Z</datestamp><setSpec>uge_bcen_RapidILL_BOOK</setSpec><setSpec>uge_aaca_RapidILL_BOOK</setSpec><setSpec>uge_abels_RapidILL_BOOK</setSpec><setSpec>uge_dbu_RapidILL_BOOK</setSpec><setSpec>uge_cmu_RapidILL_BOOK</setSpec><setSpec>uge_mail_RapidILL_BOOK</setSpec><setSpec>UNIGE_ALL</setSpec><setSpec>uge_abbat_RapidILL_BOOK</setSpec><setSpec>uge_aobs_RapidILL_BOOK</setSpec><setSpec>uge_acar_RapidILL_BOOK</setSpec></header><metadata>
<record xmlns="http://www.loc.gov/MARC21/slim" xmlns:xsi="http://www.w3.org/2001/XMLSchema-instance" xsi:schemaLocation="http://www.loc.gov/MARC21/slim http://www.loc.gov/standards/marcxml/schema/MARC21slim.xsd"><leader>01519nam a22002772c 4500</leader><controlfield tag="001">991000783839705502</controlfield><controlfield tag="005">20240319214010.0</controlfield><controlfield tag="008">140621s1580    sz ||||| |||| 00| ||lat d</controlfield><datafield ind1=" " ind2=" " tag="035"><subfield code="a">(swissbib)11996080X-41slsp_network</subfield></datafield><datafield ind1=" " ind2=" " tag="035"><subfield code="a">11996080X</subfield><subfield code="9">ExL</subfield></datafield><datafield ind1=" " ind2=" " tag="035"><subfield code="a">(RERO)R007774796-41slsp</subfield></datafield><datafield ind1=" " ind2=" " tag="035"><subfield code="a">(EXLNZ-41SLSP_NETWORK)991078530089705501</subfield></datafield><datafield ind1=" " ind2=" " tag="040"><subfield code="a">RERO gevbge</subfield><subfield code="d">CH-ZuSLS</subfield></datafield><datafield ind1=" " ind2=" " tag="044"><subfield code="a">sz</subfield><subfield code="c">ch-zh</subfield></datafield><datafield ind1=" " ind2="7" tag="072"><subfield code="a">th</subfield><subfield code="2">rero</subfield></datafield><datafield ind1="1" ind2=" " tag="100"><subfield code="a">Vermigli, Pietro Martire</subfield><subfield code="d">1500-1562</subfield><subfield code="0">(IDREF)027181510</subfield><subfield code="4">cre</subfield></datafield><datafield ind1="1" ind2="0" tag="245"><subfield code="a">Loci communes D. Petri Martyris Vermilii Florentini, sacrarum literarum in schola Tigurina professoris</subfield><subfield code="b">ex variis ipsius authoris scriptis, in unum librum collecti, et in quatuor classes distributi</subfield><subfield code="c">accesserunt huic aeditioni ab ipso authore P. Martyre scripti, nec antea publicati, loci de libero arbitrio, providentia dei, praedestinatione, et causa peccati, adhaec orationes sive conciones, nec non quaestiones aliquot et responsa, epistolae item partim theologicae partim familiares ; cum praefatione D. Rodolphi Gualtheri Tigurini, de usu et utilitate locorum communium, et de formandis sacris concionibus</subfield></datafield><datafield ind1=" " ind2="1" tag="264"><subfield code="a">Tiguri</subfield><subfield code="b">excudebat Christophorus Froschouerus</subfield><subfield code="c">1580</subfield></datafield><datafield ind1=" " ind2=" " tag="300"><subfield code="a">[36], 589 f.</subfield><subfield code="b">portr.</subfield><subfield code="c">fol°</subfield></datafield><datafield ind1=" " ind2=" " tag="336"><subfield code="b">txt</subfield><subfield code="2">rdacontent</subfield></datafield><datafield ind1=" " ind2=" " tag="337"><subfield code="b">n</subfield><subfield code="2">rdamedia</subfield></datafield><datafield ind1=" " ind2=" " tag="338"><subfield code="b">nc</subfield><subfield code="2">rdacarrier</subfield></datafield><datafield ind1="3" ind2=" " tag="510"><subfield code="a">VD16 V 825, USTC 673428</subfield></datafield><datafield ind1="1" ind2=" " tag="700"><subfield code="a">Gwalther, Rudolf</subfield><subfield code="d">1519-1586</subfield><subfield code="0">(RERO)A000075948</subfield></datafield><datafield ind1="1" ind2=" " tag="700"><subfield code="a">Froschauer, Christoph</subfield><subfield code="d">1532-1585</subfield><subfield code="0">(IDREF)067151027</subfield><subfield code="4">prt</subfield></datafield><datafield ind1=" " ind2=" " tag="751"><subfield code="a">Zurich (Zurich, Suisse)</subfield><subfield code="4">pup</subfield><subfield code="0">(IDREF)027418545</subfield></datafield><datafield ind1=" " ind2=" " tag="900"><subfield code="a">REROswissbibnomerge</subfield></datafield><datafield ind1=" " ind2=" " tag="993"><subfield code="a">MHR H Mar 5</subfield><subfield code="x">ge/mhr-/114</subfield><subfield code="9">LOCAL</subfield></datafield></record>
</metadata></record>