<record><header><identifier>oai:alma.41SLSP_UGE:991000783639705502</identifier><datestamp>2023-03-01T01:09:56Z</datestamp><setSpec>uge_bcen_RapidILL_BOOK</setSpec><setSpec>uge_aaca_RapidILL_BOOK</setSpec><setSpec>uge_abels_RapidILL_BOOK</setSpec><setSpec>uge_dbu_RapidILL_BOOK</setSpec><setSpec>uge_cmu_RapidILL_BOOK</setSpec><setSpec>uge_mail_RapidILL_BOOK</setSpec><setSpec>UNIGE_ALL</setSpec><setSpec>uge_abbat_RapidILL_BOOK</setSpec><setSpec>uge_aobs_RapidILL_BOOK</setSpec><setSpec>uge_acar_RapidILL_BOOK</setSpec></header><metadata>
<record xmlns="http://www.loc.gov/MARC21/slim" xmlns:xsi="http://www.w3.org/2001/XMLSchema-instance" xsi:schemaLocation="http://www.loc.gov/MARC21/slim http://www.loc.gov/standards/marcxml/schema/MARC21slim.xsd"><leader>02385nam a2200433 c 4500</leader><controlfield tag="001">991000783639705502</controlfield><controlfield tag="005">20201225163407.0</controlfield><controlfield tag="008">000917s1954    fr ||||| |||| 00| ||fre d</controlfield><datafield ind1=" " ind2=" " tag="035"><subfield code="a">(swissbib)07849043X-41slsp_network</subfield></datafield><datafield ind1=" " ind2=" " tag="035"><subfield code="a">07849043X</subfield><subfield code="9">ExL</subfield></datafield><datafield ind1=" " ind2=" " tag="035"><subfield code="a">(RERO)0355074-41slsp</subfield></datafield><datafield ind1=" " ind2=" " tag="035"><subfield code="a">(EXLNZ-41SLSP_NETWORK)991056086229705501</subfield></datafield><datafield ind1=" " ind2=" " tag="040"><subfield code="a">RERO</subfield><subfield code="d">CH-ZuSLS</subfield></datafield><datafield ind1=" " ind2="7" tag="072"><subfield code="a">ht</subfield><subfield code="2">rero</subfield></datafield><datafield ind1="0" ind2="0" tag="245"><subfield code="a">Bibliothèque de la révolution de 1848</subfield><subfield code="c">[publ. par la Société d'histoire de la révolution de 1848].</subfield><subfield code="n">T. 16</subfield><subfield code="p">Etudes</subfield></datafield><datafield ind1=" " ind2="1" tag="264"><subfield code="a">[Lieu de publication non identifié]</subfield><subfield code="b">[éditeur non identifié]</subfield><subfield code="c">1954</subfield></datafield><datafield ind1=" " ind2="3" tag="264"><subfield code="a">Nancy</subfield><subfield code="b">Impr. G. Thomas</subfield></datafield><datafield ind1=" " ind2=" " tag="300"><subfield code="a">158 p.</subfield><subfield code="c">22 cm</subfield></datafield><datafield ind1=" " ind2=" " tag="336"><subfield code="b">txt</subfield><subfield code="2">rdacontent</subfield></datafield><datafield ind1=" " ind2=" " tag="337"><subfield code="b">n</subfield><subfield code="2">rdamedia</subfield></datafield><datafield ind1=" " ind2=" " tag="338"><subfield code="b">nc</subfield><subfield code="2">rdacarrier</subfield></datafield><datafield ind1=" " ind2=" " tag="500"><subfield code="a">Contient: L'influence de Marx en Allemagne pendant la révolution de 1848 / J. Droz. Arsène Meunier, instituteur et militant républicain / H. Dubief. Auguste Blanqui à la citadelle de Doullens / M. Dommanget. La question du crédit et les almanachs autour de 1850 / Jeanne Gaillard. La crise de 1846-1847 dans le sud-ouest de la France / J. Godechot. La question du blé dans la Haute-Garonne au milieu du XIXe siècle / A. Armengaud. La situation économique et sociale des Basses-Alpes en 1848 / J. Vidalenc. La seconde république en Loir-et-Cher / A. Hamelin</subfield></datafield><datafield ind1="1" ind2="2" tag="700"><subfield code="a">Droz, Jacques</subfield><subfield code="t">&lt;&lt;L'&gt;&gt;influence de Marx en Allemagne pendant la révolution de 1848</subfield></datafield><datafield ind1="1" ind2="2" tag="700"><subfield code="a">Dubief, Henri</subfield><subfield code="t">Arsène Meunier, instituteur et militant républicain</subfield></datafield><datafield ind1="1" ind2="2" tag="700"><subfield code="a">Dommanget, Maurice</subfield><subfield code="t">Auguste Blanqui à la citadelle de Doullens</subfield></datafield><datafield ind1="1" ind2="2" tag="700"><subfield code="a">Gaillard, Jeanne</subfield><subfield code="t">&lt;&lt;La&gt;&gt; question du crédit et les almanachs autour de 1850</subfield></datafield><datafield ind1="1" ind2="2" tag="700"><subfield code="a">Godechot, Jacques</subfield><subfield code="t">&lt;&lt;La&gt;&gt; crise de 1846-1847 dans le sud-ouest de la France</subfield></datafield><datafield ind1="1" ind2="2" tag="700"><subfield code="a">Armengaud, André</subfield><subfield code="d">1920-1980</subfield><subfield code="t">&lt;&lt;La&gt;&gt; question du blé dans la Haute-Garonne au milieu du XIXe siècle</subfield></datafield><datafield ind1="1" ind2="2" tag="700"><subfield code="a">Vidalenc, Jean</subfield><subfield code="t">&lt;&lt;La&gt;&gt; situation économique et sociale des Basses-Alpes en 1848</subfield></datafield><datafield ind1="1" ind2="2" tag="700"><subfield code="a">Hamelin, A</subfield><subfield code="t">&lt;&lt;La&gt;&gt; seconde République en Loir-et-Cher</subfield></datafield><datafield ind1="1" ind2=" " tag="700"><subfield code="a">Droz, Jacques</subfield></datafield><datafield ind1="1" ind2=" " tag="700"><subfield code="a">Dubief, Henri</subfield></datafield><datafield ind1="1" ind2=" " tag="700"><subfield code="a">Dommanget, Maurice</subfield></datafield><datafield ind1="1" ind2=" " tag="700"><subfield code="a">Gaillard, Jeanne</subfield></datafield><datafield ind1="1" ind2=" " tag="700"><subfield code="a">Godechot, Jacques</subfield></datafield><datafield ind1="1" ind2=" " tag="700"><subfield code="a">Armengaud, André</subfield><subfield code="d">1920-1980</subfield></datafield><datafield ind1="1" ind2=" " tag="700"><subfield code="a">Vidalenc, Jean</subfield></datafield><datafield ind1="1" ind2=" " tag="700"><subfield code="a">Hamelin, A</subfield></datafield><datafield ind1=" " ind2=" " tag="830"><subfield code="a">Bibliothèque de la révolution de 1848</subfield><subfield code="v">16</subfield><subfield code="w">(RERO)0355072-41slsp</subfield></datafield><datafield ind1=" " ind2=" " tag="900"><subfield code="a">REROnoselfmerge</subfield></datafield></record>
</metadata></record>