<record><header><identifier>oai:alma.41SLSP_UGE:991000783119705502</identifier><datestamp>2024-03-01T01:19:17Z</datestamp><setSpec>uge_bcen_RapidILL_BOOK</setSpec><setSpec>uge_aaca_RapidILL_BOOK</setSpec><setSpec>uge_abels_RapidILL_BOOK</setSpec><setSpec>uge_dbu_RapidILL_BOOK</setSpec><setSpec>uge_cmu_RapidILL_BOOK</setSpec><setSpec>uge_mail_RapidILL_BOOK</setSpec><setSpec>uge_abbat_RapidILL_BOOK</setSpec><setSpec>UNIGE_ALL</setSpec><setSpec>uge_aobs_RapidILL_BOOK</setSpec><setSpec>uge_acar_RapidILL_BOOK</setSpec></header><metadata>
<record xmlns="http://www.loc.gov/MARC21/slim" xmlns:xsi="http://www.w3.org/2001/XMLSchema-instance" xsi:schemaLocation="http://www.loc.gov/MARC21/slim http://www.loc.gov/standards/marcxml/schema/MARC21slim.xsd"><leader>02460nam a2200613 c 4500</leader><controlfield tag="001">991000783119705502</controlfield><controlfield tag="005">20240229154504.0</controlfield><controlfield tag="008">201011s2014    gw ||||| m||| 00| ||ger d</controlfield><datafield ind1=" " ind2=" " tag="015"><subfield code="a">14,N01</subfield><subfield code="2">dnb</subfield></datafield><datafield ind1="7" ind2=" " tag="016"><subfield code="a">1045304964</subfield><subfield code="2">DE-101</subfield></datafield><datafield ind1=" " ind2=" " tag="020"><subfield code="a">3828833012</subfield></datafield><datafield ind1=" " ind2=" " tag="020"><subfield code="a">9783828833012</subfield><subfield code="c">34,95 Eur[D] / 34,95 Eur[A] / 46,90 CHF UVP</subfield></datafield><datafield ind1=" " ind2=" " tag="035"><subfield code="a">(swissbib)232008728-41slsp_network</subfield></datafield><datafield ind1=" " ind2=" " tag="035"><subfield code="a">232008728</subfield><subfield code="9">ExL</subfield></datafield><datafield ind1=" " ind2=" " tag="035"><subfield code="a">(RERO)R007922497-41slsp</subfield></datafield><datafield ind1=" " ind2=" " tag="035"><subfield code="a">(IDSLU)001134756ILU01</subfield></datafield><datafield ind1=" " ind2=" " tag="035"><subfield code="a">(NEBIS)010090995EBI01</subfield></datafield><datafield ind1=" " ind2=" " tag="035"><subfield code="a">(IDSBB)006375746DSV01</subfield></datafield><datafield ind1=" " ind2=" " tag="035"><subfield code="a">(OCoLC)870205436</subfield></datafield><datafield ind1=" " ind2=" " tag="035"><subfield code="a">(EXLNZ-41SLSP_NETWORK)991045981329705501</subfield></datafield><datafield ind1=" " ind2=" " tag="040"><subfield code="a">DEBSZ</subfield><subfield code="d">CH-ZuSLS</subfield></datafield><datafield ind1=" " ind2="7" tag="072"><subfield code="a">al</subfield><subfield code="2">rero</subfield></datafield><datafield ind1=" " ind2="7" tag="072"><subfield code="a">510</subfield><subfield code="2">IDS LU</subfield></datafield><datafield ind1=" " ind2="7" tag="072"><subfield code="a">nd</subfield><subfield code="2">SzZuIDS BS/BE</subfield></datafield><datafield ind1=" " ind2="7" tag="072"><subfield code="a">ln</subfield><subfield code="2">SzZuIDS BS/BE</subfield></datafield><datafield ind1="1" ind2="4" tag="082"><subfield code="a">800</subfield><subfield code="2">15</subfield></datafield><datafield ind1="1" ind2="4" tag="082"><subfield code="a">830</subfield><subfield code="2">15</subfield></datafield><datafield ind1=" " ind2=" " tag="084"><subfield code="a">EC 5127</subfield><subfield code="2">rvk</subfield></datafield><datafield ind1="1" ind2=" " tag="100"><subfield code="a">Albert, Bettina</subfield><subfield code="0">(RERO)A024876711</subfield><subfield code="4">cre</subfield></datafield><datafield ind1="1" ind2="0" tag="245"><subfield code="a">&lt;&lt;Der&gt;&gt; Tod in Worten</subfield><subfield code="b">Todesdarstellungen in der Literatur des frühen Mittelalters</subfield><subfield code="c">Bettina Albert</subfield></datafield><datafield ind1=" " ind2="1" tag="264"><subfield code="a">Marburg</subfield><subfield code="b">Tectum</subfield><subfield code="c">2014</subfield></datafield><datafield ind1=" " ind2=" " tag="300"><subfield code="a">XI, 288 S.</subfield><subfield code="b">Ill.</subfield><subfield code="c">22 cm</subfield></datafield><datafield ind1=" " ind2=" " tag="336"><subfield code="b">txt</subfield><subfield code="2">rdacontent</subfield></datafield><datafield ind1=" " ind2=" " tag="337"><subfield code="b">n</subfield><subfield code="2">rdamedia</subfield></datafield><datafield ind1=" " ind2=" " tag="338"><subfield code="b">nc</subfield><subfield code="2">rdacarrier</subfield></datafield><datafield ind1=" " ind2=" " tag="502"><subfield code="a">Zugl.: Diss., Ruprecht-Karls-Universität Heidelberg, 2012</subfield></datafield><datafield ind1=" " ind2="7" tag="648"><subfield code="a">Geschichte 500-1000</subfield><subfield code="2">gnd</subfield></datafield><datafield ind1=" " ind2="7" tag="648"><subfield code="a">Geschichte 800-1000</subfield><subfield code="2">gnd</subfield></datafield><datafield ind1=" " ind2="7" tag="648"><subfield code="a">Geschichte 800-900</subfield><subfield code="2">idszbz</subfield></datafield><datafield ind1=" " ind2="7" tag="648"><subfield code="a">Geschichte 900-1000</subfield><subfield code="2">idszbz</subfield></datafield><datafield ind1=" " ind2="7" tag="650"><subfield code="a">Littérature médiévale</subfield><subfield code="0">(IDREF)027328708</subfield><subfield code="2">idref</subfield></datafield><datafield ind1=" " ind2="7" tag="650"><subfield code="a">Mort</subfield><subfield code="0">(IDREF)027239861</subfield><subfield code="2">idref</subfield></datafield><datafield ind1=" " ind2="7" tag="650"><subfield code="a">Anglais (langue)</subfield><subfield code="y">450-1100 (vieil anglais)</subfield><subfield code="0">(IDREF)027269434</subfield><subfield code="2">idref</subfield></datafield><datafield ind1=" " ind2="7" tag="650"><subfield code="a">Allemand (langue)</subfield><subfield code="y">750-1050 (vieux haut-allemand)</subfield><subfield code="0">(IDREF)027269019</subfield><subfield code="2">idref</subfield></datafield><datafield ind1=" " ind2="7" tag="650"><subfield code="a">Altenglisch</subfield><subfield code="0">(DE-588)4112501-0</subfield><subfield code="2">gnd</subfield></datafield><datafield ind1=" " ind2="7" tag="650"><subfield code="a">Althochdeutsch</subfield><subfield code="0">(DE-588)4001523-3</subfield><subfield code="2">gnd</subfield></datafield><datafield ind1=" " ind2="7" tag="650"><subfield code="a">Literatur</subfield><subfield code="0">(DE-588)4035964-5</subfield><subfield code="2">gnd</subfield></datafield><datafield ind1=" " ind2="7" tag="650"><subfield code="a">Tod</subfield><subfield code="g">Motiv</subfield><subfield code="0">(DE-588)4117229-2</subfield><subfield code="2">gnd</subfield></datafield><datafield ind1=" " ind2="7" tag="655"><subfield code="a">Hochschulschrift</subfield><subfield code="2">gnd-content</subfield></datafield><datafield ind1="4" ind2=" " tag="856"><subfield code="3">Titelblatt und Inhaltsverzeichnis</subfield><subfield code="u">https://toc.library.ethz.ch/objects/pdf03/z01_978-3-8288-3301-2_01.pdf</subfield><subfield code="q">pdf</subfield></datafield><datafield ind1="4" ind2="2" tag="856"><subfield code="u">https://deposit.dnb.de/cgi-bin/dokserv?id=4542120&amp;prov=M&amp;dok_var=1&amp;dok_ext=htm</subfield><subfield code="z">Inhaltstext</subfield></datafield><datafield ind1=" " ind2=" " tag="900"><subfield code="a">REROnoselfmerge</subfield></datafield><datafield ind1=" " ind2=" " tag="900"><subfield code="a">IDSZ2zbzmon201404f</subfield><subfield code="c">IDSZ2tobt</subfield><subfield code="d">IDSZ2zbzswk201407g</subfield><subfield code="e">IDSZ2trun</subfield></datafield><datafield ind1=" " ind2=" " tag="949"><subfield code="a">https://toc.library.ethz.ch/objects/pdf03/z01_978-3-8288-3301-2_01.pdf</subfield></datafield><datafield ind1=" " ind2=" " tag="949"><subfield code="a">https://deposit.dnb.de/cgi-bin/dokserv?id=4542120&amp;prov=M&amp;dok_var=1&amp;dok_ext=htm</subfield></datafield></record>
</metadata></record>