<record><header><identifier>oai:alma.41SLSP_UGE:991000783739705502</identifier><datestamp>2023-04-08T00:20:02Z</datestamp><setSpec>uge_bcen_RapidILL_BOOK</setSpec><setSpec>uge_aaca_RapidILL_BOOK</setSpec><setSpec>uge_abels_RapidILL_BOOK</setSpec><setSpec>uge_dbu_RapidILL_BOOK</setSpec><setSpec>uge_cmu_RapidILL_BOOK</setSpec><setSpec>uge_mail_RapidILL_BOOK</setSpec><setSpec>uge_abbat_RapidILL_BOOK</setSpec><setSpec>UNIGE_ALL</setSpec><setSpec>uge_acar_RapidILL_BOOK</setSpec><setSpec>uge_aobs_RapidILL_BOOK</setSpec></header><metadata>
<record xmlns="http://www.loc.gov/MARC21/slim" xmlns:xsi="http://www.w3.org/2001/XMLSchema-instance" xsi:schemaLocation="http://www.loc.gov/MARC21/slim http://www.loc.gov/standards/marcxml/schema/MARC21slim.xsd"><leader>02623nam a22006137c 4500</leader><controlfield tag="001">991000783739705502</controlfield><controlfield tag="005">20230407175224.0</controlfield><controlfield tag="008">201011s2006    xxu||||| |||| 00| ||eng d</controlfield><datafield ind1=" " ind2=" " tag="010"><subfield code="a">2006043464</subfield></datafield><datafield ind1=" " ind2=" " tag="020"><subfield code="a">0813724066</subfield><subfield code="q">pbk.</subfield></datafield><datafield ind1=" " ind2=" " tag="020"><subfield code="a">9780813724065</subfield><subfield code="q">pbk.</subfield></datafield><datafield ind1=" " ind2=" " tag="035"><subfield code="a">(swissbib)231543425-41slsp_network</subfield></datafield><datafield ind1=" " ind2=" " tag="035"><subfield code="a">231543425</subfield><subfield code="9">ExL</subfield></datafield><datafield ind1=" " ind2=" " tag="035"><subfield code="a">(RERO)R004291559-41slsp</subfield></datafield><datafield ind1=" " ind2=" " tag="035"><subfield code="a">(NEBIS)005251670EBI01</subfield></datafield><datafield ind1=" " ind2=" " tag="035"><subfield code="a">(EXLNZ-41SLSP_NETWORK)991052066389705501</subfield></datafield><datafield ind1=" " ind2=" " tag="040"><subfield code="a">RERO geusst</subfield><subfield code="d">CH-ZuSLS</subfield></datafield><datafield ind1=" " ind2=" " tag="050"><subfield code="a">QE471.3</subfield><subfield code="b">.D53 2006</subfield></datafield><datafield ind1=" " ind2="7" tag="072"><subfield code="a">st</subfield><subfield code="2">rero</subfield></datafield><datafield ind1="0" ind2="4" tag="082"><subfield code="a">552/.5</subfield><subfield code="2">22</subfield></datafield><datafield ind1="1" ind2=" " tag="100"><subfield code="6">880-01</subfield><subfield code="a">Dickinson, William R.</subfield><subfield code="d">1931-....</subfield><subfield code="0">(IDREF)251239225</subfield><subfield code="4">cre</subfield></datafield><datafield ind1="1" ind2=" " tag="880"><subfield code="a">Dickinson, William R.</subfield><subfield code="d">1931-2015</subfield><subfield code="0">(DE-588)1055762701</subfield><subfield code="6">100-01</subfield></datafield><datafield ind1="1" ind2="0" tag="245"><subfield code="a">Temper sands in prehistoric oceanian pottery</subfield><subfield code="b">geotectonics, sedimentology, petrography, provenance</subfield><subfield code="c">William R. Dickinson</subfield></datafield><datafield ind1=" " ind2="1" tag="264"><subfield code="a">Boulder CO</subfield><subfield code="b">Geological Society of America</subfield><subfield code="c">2006</subfield></datafield><datafield ind1=" " ind2=" " tag="300"><subfield code="a">164 p.</subfield><subfield code="b">ill.</subfield></datafield><datafield ind1=" " ind2=" " tag="336"><subfield code="b">txt</subfield><subfield code="2">rdacontent</subfield></datafield><datafield ind1=" " ind2=" " tag="337"><subfield code="b">n</subfield><subfield code="2">rdamedia</subfield></datafield><datafield ind1=" " ind2=" " tag="338"><subfield code="b">nc</subfield><subfield code="2">rdacarrier</subfield></datafield><datafield ind1="1" ind2=" " tag="490"><subfield code="a">Special paper / Geological Society of America</subfield><subfield code="v">406</subfield></datafield><datafield ind1=" " ind2=" " tag="504"><subfield code="a">Bibliogr.: p. 122-137</subfield></datafield><datafield ind1=" " ind2=" " tag="504"><subfield code="a">Includes bibliographical references and index</subfield></datafield><datafield ind1=" " ind2="7" tag="650"><subfield code="a">Archéologie</subfield><subfield code="0">(IDREF)02726971X</subfield><subfield code="2">idref</subfield></datafield><datafield ind1=" " ind2="7" tag="650"><subfield code="a">Céramique</subfield><subfield code="0">(IDREF)027277399</subfield><subfield code="2">idref</subfield></datafield><datafield ind1=" " ind2="7" tag="650"><subfield code="a">Préhistoire</subfield><subfield code="0">(IDREF)027243524</subfield><subfield code="2">idref</subfield></datafield><datafield ind1=" " ind2="7" tag="650"><subfield code="a">Sable</subfield><subfield code="0">(IDREF)027480488</subfield><subfield code="2">idref</subfield></datafield><datafield ind1=" " ind2="7" tag="650"><subfield code="a">Sédimentologie</subfield><subfield code="0">(IDREF)027271137</subfield><subfield code="2">idref</subfield></datafield><datafield ind1=" " ind2="7" tag="650"><subfield code="a">Tectonique des plaques</subfield><subfield code="0">(IDREF)027253619</subfield><subfield code="2">idref</subfield></datafield><datafield ind1=" " ind2="7" tag="650"><subfield code="a">Pétrologie</subfield><subfield code="0">(IDREF)027282120</subfield><subfield code="2">idref</subfield></datafield><datafield ind1=" " ind2="0" tag="650"><subfield code="a">Clay</subfield><subfield code="x">Additives</subfield><subfield code="z">Oceania</subfield></datafield><datafield ind1=" " ind2="0" tag="650"><subfield code="a">Sand</subfield><subfield code="z">Oceania</subfield></datafield><datafield ind1=" " ind2="0" tag="650"><subfield code="a">Sediments (Geology)</subfield><subfield code="z">Oceania</subfield></datafield><datafield ind1=" " ind2="0" tag="650"><subfield code="a">Geology, Structural</subfield><subfield code="z">Oceania</subfield></datafield><datafield ind1=" " ind2="0" tag="650"><subfield code="a">Petrofabric analysis</subfield><subfield code="z">Oceania</subfield></datafield><datafield ind1=" " ind2="7" tag="650"><subfield code="a">AUSTRALIEN-OZEANIEN</subfield><subfield code="9">ger</subfield><subfield code="0">(ETHUDK)000008451</subfield><subfield code="2">ethudk</subfield></datafield><datafield ind1=" " ind2="7" tag="650"><subfield code="a">BETONZUSATZSTOFFE (BAUSTOFFE)</subfield><subfield code="9">ger</subfield><subfield code="0">(ETHUDK)000054411</subfield><subfield code="2">ethudk</subfield></datafield><datafield ind1=" " ind2="7" tag="650"><subfield code="a">KERAMIKFUNDE (VORGESCHICHTLICHE ARCHAEOLOGIE)</subfield><subfield code="9">ger</subfield><subfield code="0">(ETHUDK)000036577</subfield><subfield code="2">ethudk</subfield></datafield><datafield ind1=" " ind2="7" tag="650"><subfield code="a">SAND (PETROGRAPHIE)</subfield><subfield code="9">ger</subfield><subfield code="0">(ETHUDK)000038361</subfield><subfield code="2">ethudk</subfield></datafield><datafield ind1=" " ind2="7" tag="650"><subfield code="a">STRUKTUR + TEXTUR + GEFÜGE (PETROGRAPHIE)</subfield><subfield code="9">ger</subfield><subfield code="0">(ETHUDK)000020527</subfield><subfield code="2">ethudk</subfield></datafield><datafield ind1=" " ind2="7" tag="650"><subfield code="a">STRUKTURGEOLOGIE</subfield><subfield code="9">ger</subfield><subfield code="0">(ETHUDK)000020021</subfield><subfield code="2">ethudk</subfield></datafield><datafield ind1=" " ind2="7" tag="650"><subfield code="a">TON (PETROGRAPHIE)</subfield><subfield code="9">ger</subfield><subfield code="0">(ETHUDK)000020594</subfield><subfield code="2">ethudk</subfield></datafield><datafield ind1=" " ind2="7" tag="651"><subfield code="a">Océanie</subfield><subfield code="0">(IDREF)027401901</subfield><subfield code="2">idref</subfield></datafield><datafield ind1=" " ind2="0" tag="651"><subfield code="a">Oceania</subfield><subfield code="x">Antiquities</subfield></datafield><datafield ind1="4" ind2=" " tag="856"><subfield code="3">Abstract / Autoreninformation</subfield><subfield code="u">https://toc.library.ethz.ch/objects/pdf/000171516_e01_0813724066_02.pdf</subfield><subfield code="q">pdf</subfield></datafield><datafield ind1=" " ind2=" " tag="830"><subfield code="a">Special paper</subfield><subfield code="g">Geological Society of America</subfield><subfield code="v">406</subfield><subfield code="w">(NEBIS)000025725EBI01</subfield></datafield><datafield ind1=" " ind2=" " tag="900"><subfield code="a">REROnoselfmerge</subfield></datafield></record>
</metadata></record>