<record><header><identifier>oai:alma.41SLSP_UGE:991000783429705502</identifier><datestamp>2023-03-01T01:09:56Z</datestamp><setSpec>uge_bcen_RapidILL_BOOK</setSpec><setSpec>uge_aaca_RapidILL_BOOK</setSpec><setSpec>uge_abels_RapidILL_BOOK</setSpec><setSpec>uge_dbu_RapidILL_BOOK</setSpec><setSpec>uge_cmu_RapidILL_BOOK</setSpec><setSpec>uge_mail_RapidILL_BOOK</setSpec><setSpec>UNIGE_ALL</setSpec><setSpec>uge_abbat_RapidILL_BOOK</setSpec><setSpec>uge_aobs_RapidILL_BOOK</setSpec><setSpec>uge_acar_RapidILL_BOOK</setSpec></header><metadata>
<record xmlns="http://www.loc.gov/MARC21/slim" xmlns:xsi="http://www.w3.org/2001/XMLSchema-instance" xsi:schemaLocation="http://www.loc.gov/MARC21/slim http://www.loc.gov/standards/marcxml/schema/MARC21slim.xsd"><leader>01164nam a2200289 c 4500</leader><controlfield tag="001">991000783429705502</controlfield><controlfield tag="005">20230210190745.0</controlfield><controlfield tag="008">870224s1975    ne ||||| |||| 00| ||eng d</controlfield><datafield ind1=" " ind2=" " tag="020"><subfield code="a">9024717604</subfield></datafield><datafield ind1=" " ind2=" " tag="035"><subfield code="a">(swissbib)081533292-41slsp_network</subfield></datafield><datafield ind1=" " ind2=" " tag="035"><subfield code="a">081533292</subfield><subfield code="9">ExL</subfield></datafield><datafield ind1=" " ind2=" " tag="035"><subfield code="a">(RERO)0811962-41slsp</subfield></datafield><datafield ind1=" " ind2=" " tag="035"><subfield code="a">(EXLNZ-41SLSP_NETWORK)991135891029705501</subfield></datafield><datafield ind1=" " ind2=" " tag="040"><subfield code="a">RERO geuses</subfield><subfield code="d">CH-ZuSLS</subfield></datafield><datafield ind1=" " ind2="7" tag="072"><subfield code="a">ss</subfield><subfield code="2">rero</subfield></datafield><datafield ind1="0" ind2="0" tag="245"><subfield code="a">Does education have a future?</subfield><subfield code="b">the political economy of social educational inequalities in European society</subfield><subfield code="c">by Jarl Bengtsson... [et al.] ; with the collab. of Dieter Berstecher... [et al.]</subfield></datafield><datafield ind1=" " ind2="1" tag="264"><subfield code="a">The Hague</subfield><subfield code="b">M. Nijhoff</subfield><subfield code="c">1975</subfield></datafield><datafield ind1=" " ind2=" " tag="300"><subfield code="a">VI, 134 p.</subfield><subfield code="c">24 cm</subfield></datafield><datafield ind1=" " ind2=" " tag="336"><subfield code="b">txt</subfield><subfield code="2">rdacontent</subfield></datafield><datafield ind1=" " ind2=" " tag="337"><subfield code="b">n</subfield><subfield code="2">rdamedia</subfield></datafield><datafield ind1=" " ind2=" " tag="338"><subfield code="b">nc</subfield><subfield code="2">rdacarrier</subfield></datafield><datafield ind1="1" ind2=" " tag="490"><subfield code="a">Plan Europe 2000. Project 1, Educating man for the 21st century</subfield><subfield code="v">vol. 10</subfield></datafield><datafield ind1=" " ind2="7" tag="650"><subfield code="a">Éducation</subfield><subfield code="0">(IDREF)027555100</subfield><subfield code="2">idref</subfield></datafield><datafield ind1=" " ind2="7" tag="650"><subfield code="a">Prévision</subfield><subfield code="0">(IDREF)027789713</subfield><subfield code="2">idref</subfield></datafield><datafield ind1="1" ind2=" " tag="700"><subfield code="a">Bengtsson, Jarl</subfield><subfield code="0">(IDREF)190960477</subfield></datafield><datafield ind1="1" ind2=" " tag="700"><subfield code="a">Berstecher, Dieter</subfield><subfield code="0">(IDREF)076652831</subfield></datafield><datafield ind1=" " ind2="0" tag="830"><subfield code="a">Plan Europe 2000</subfield><subfield code="p">Project 1, Educating man for the 21st century</subfield><subfield code="v">10</subfield><subfield code="w">(RERO)0811858-41slsp</subfield></datafield><datafield ind1=" " ind2=" " tag="900"><subfield code="a">REROnoselfmerge</subfield></datafield></record>
</metadata></record>