<record><header><identifier>oai:alma.41SLSP_UGE:991000782909705502</identifier><datestamp>2023-03-01T01:09:56Z</datestamp><setSpec>uge_bcen_RapidILL_BOOK</setSpec><setSpec>uge_aaca_RapidILL_BOOK</setSpec><setSpec>uge_abels_RapidILL_BOOK</setSpec><setSpec>uge_dbu_RapidILL_BOOK</setSpec><setSpec>uge_cmu_RapidILL_BOOK</setSpec><setSpec>uge_mail_RapidILL_BOOK</setSpec><setSpec>UNIGE_ALL</setSpec><setSpec>uge_abbat_RapidILL_BOOK</setSpec><setSpec>uge_aobs_RapidILL_BOOK</setSpec><setSpec>uge_acar_RapidILL_BOOK</setSpec></header><metadata>
<record xmlns="http://www.loc.gov/MARC21/slim" xmlns:xsi="http://www.w3.org/2001/XMLSchema-instance" xsi:schemaLocation="http://www.loc.gov/MARC21/slim http://www.loc.gov/standards/marcxml/schema/MARC21slim.xsd"><leader>01323naa a2200289 c 4500</leader><controlfield tag="001">991000782909705502</controlfield><controlfield tag="005">20201126052815.0</controlfield><controlfield tag="008">070710s1982    gw ||||| |||| 00| ||eng d</controlfield><datafield ind1=" " ind2=" " tag="035"><subfield code="a">(swissbib)105569526-41slsp_network</subfield></datafield><datafield ind1=" " ind2=" " tag="035"><subfield code="a">105569526</subfield><subfield code="9">ExL</subfield></datafield><datafield ind1=" " ind2=" " tag="035"><subfield code="a">(RERO)R004507396-41slsp</subfield></datafield><datafield ind1=" " ind2=" " tag="035"><subfield code="a">(EXLNZ-41SLSP_NETWORK)991126679659705501</subfield></datafield><datafield ind1=" " ind2=" " tag="040"><subfield code="a">RERO geussc</subfield><subfield code="d">CH-ZuSLS</subfield></datafield><datafield ind1=" " ind2=" " tag="044"><subfield code="a">sz</subfield><subfield code="c">ch-ge</subfield></datafield><datafield ind1=" " ind2="7" tag="072"><subfield code="a">bi</subfield><subfield code="2">rero</subfield></datafield><datafield ind1="0" ind2="0" tag="245"><subfield code="a">&lt;&lt;The&gt;&gt; expression of X-linked phosphoglycerate kinase in the early mouse embryo</subfield><subfield code="c">W.K.G. Krietsch ... [et al.]</subfield></datafield><datafield ind1=" " ind2=" " tag="336"><subfield code="b">txt</subfield><subfield code="2">rdacontent</subfield></datafield><datafield ind1=" " ind2=" " tag="337"><subfield code="b">n</subfield><subfield code="2">rdamedia</subfield></datafield><datafield ind1=" " ind2=" " tag="338"><subfield code="b">nc</subfield><subfield code="2">rdacarrier</subfield></datafield><datafield ind1=" " ind2=" " tag="508"><subfield code="a">Autres auteurs: R. Fundele, G.W.K. Kuntz, M. Fehlau, K. Bürki et K. Illmensee</subfield></datafield><datafield ind1=" " ind2=" " tag="580"><subfield code="a">In: Differentiation. - Berlin. - Vol. 23(1982), p. 141-144</subfield></datafield><datafield ind1=" " ind2=" " tag="580"><subfield code="a">Egalement publié dans: Travaux du Département de biologie animale / Université de Genève. - Genève. - Vol. 25(1981/82), no 896</subfield></datafield><datafield ind1="1" ind2=" " tag="700"><subfield code="a">Krietsch, W.K.G.</subfield><subfield code="0">(RERO)A013412133</subfield></datafield><datafield ind1="1" ind2=" " tag="700"><subfield code="a">Bürki, Kurt</subfield><subfield code="0">(RERO)A003065523</subfield></datafield><datafield ind1="1" ind2=" " tag="700"><subfield code="a">Illmensee, Karl</subfield><subfield code="0">(RERO)A013398565</subfield></datafield><datafield ind1="0" ind2=" " tag="773"><subfield code="t">Travaux du Département de biologie animale / Université de Genève</subfield><subfield code="g">25/896</subfield><subfield code="w">(RERO)R003966373-41slsp</subfield></datafield><datafield ind1="0" ind2=" " tag="773"><subfield code="t">Differentiation : official organ of the International Society of Differentiation</subfield><subfield code="g">23/141</subfield><subfield code="w">(RERO)0055831-41slsp</subfield></datafield><datafield ind1=" " ind2=" " tag="900"><subfield code="a">REROnoselfmerge</subfield></datafield></record>
</metadata></record>