<record><header><identifier>oai:alma.41SLSP_UGE:991000783619705502</identifier><datestamp>2023-11-25T01:53:20Z</datestamp><setSpec>uge_bcen_RapidILL_BOOK</setSpec><setSpec>uge_aaca_RapidILL_BOOK</setSpec><setSpec>uge_abels_RapidILL_BOOK</setSpec><setSpec>uge_dbu_RapidILL_BOOK</setSpec><setSpec>uge_cmu_RapidILL_BOOK</setSpec><setSpec>uge_mail_RapidILL_BOOK</setSpec><setSpec>uge_abbat_RapidILL_BOOK</setSpec><setSpec>UNIGE_ALL</setSpec><setSpec>uge_aobs_RapidILL_BOOK</setSpec><setSpec>uge_acar_RapidILL_BOOK</setSpec></header><metadata>
<record xmlns="http://www.loc.gov/MARC21/slim" xmlns:xsi="http://www.w3.org/2001/XMLSchema-instance" xsi:schemaLocation="http://www.loc.gov/MARC21/slim http://www.loc.gov/standards/marcxml/schema/MARC21slim.xsd"><leader>02989nam a2200445 c 4500</leader><controlfield tag="001">991000783619705502</controlfield><controlfield tag="005">20230327174755.0</controlfield><controlfield tag="008">201012s2000    sz ||||| |||| 00| ||fre d</controlfield><datafield ind1=" " ind2=" " tag="020"><subfield code="a">2881830803</subfield><subfield code="q">broché</subfield></datafield><datafield ind1=" " ind2=" " tag="035"><subfield code="a">(swissbib)237568373-41slsp_network</subfield></datafield><datafield ind1=" " ind2=" " tag="035"><subfield code="a">237568373</subfield><subfield code="9">ExL</subfield></datafield><datafield ind1=" " ind2=" " tag="035"><subfield code="a">(RERO)R003016492-41slsp</subfield></datafield><datafield ind1=" " ind2=" " tag="035"><subfield code="a">(NEBIS)005540863EBI01</subfield></datafield><datafield ind1=" " ind2=" " tag="035"><subfield code="a">(ALEX)bv000887506</subfield></datafield><datafield ind1=" " ind2=" " tag="035"><subfield code="a">(EXLNZ-41SLSP_NETWORK)991040995229705501</subfield></datafield><datafield ind1=" " ind2=" " tag="040"><subfield code="a">RERO geies-</subfield><subfield code="d">CH-ZuSLS</subfield></datafield><datafield ind1=" " ind2=" " tag="044"><subfield code="a">sz</subfield><subfield code="c">ch-vd</subfield></datafield><datafield ind1=" " ind2="7" tag="072"><subfield code="a">me</subfield><subfield code="2">rero</subfield></datafield><datafield ind1=" " ind2="7" tag="072"><subfield code="a">ps</subfield><subfield code="2">rero</subfield></datafield><datafield ind1="1" ind2=" " tag="080"><subfield code="a">613.83</subfield></datafield><datafield ind1="0" ind2="0" tag="245"><subfield code="a">&lt;&lt;L'&gt;&gt;abus de médicaments en Suisse</subfield><subfield code="b">états des lieux et pistes pratiques</subfield><subfield code="c">sous la dir. de Etienne Maffli ; contrib. de Jérôme Biollaz ... et al.</subfield></datafield><datafield ind1=" " ind2="1" tag="264"><subfield code="a">Lausanne</subfield><subfield code="b">SFA-ISPA</subfield><subfield code="c">2000</subfield></datafield><datafield ind1=" " ind2=" " tag="300"><subfield code="a">VII, 191 p.</subfield><subfield code="b">ill.</subfield><subfield code="c">24 cm</subfield></datafield><datafield ind1=" " ind2=" " tag="336"><subfield code="b">txt</subfield><subfield code="2">rdacontent</subfield></datafield><datafield ind1=" " ind2=" " tag="337"><subfield code="b">n</subfield><subfield code="2">rdamedia</subfield></datafield><datafield ind1=" " ind2=" " tag="338"><subfield code="b">nc</subfield><subfield code="2">rdacarrier</subfield></datafield><datafield ind1=" " ind2=" " tag="500"><subfield code="a">SFA (Schweizerische Fachstelle für Alkohol- und andere Drogenprobleme) = ISPA (Institut suisse de prévention de l'alcoolisme et autres toxicomanies)</subfield></datafield><datafield ind1=" " ind2=" " tag="500"><subfield code="a">Index</subfield></datafield><datafield ind1=" " ind2=" " tag="504"><subfield code="a">Bibliogr. Index</subfield></datafield><datafield ind1="0" ind2=" " tag="505"><subfield code="a">Partie 1. Etat des lieux et nouvelles données épidémiologiques. Médicaments présentant un risque d'abus. Evaluation de la consommation de médicaments à partir d'analyses statistiques secondaires. Ampleur et facteurs d'influence de la consommation de somnifères, d'analgésiques et de tranquillisants. L'usage de médicaments comportant un potentiel de dépendance. L'usage de médicaments chez les adolescents. Prévalence de la dépendance aux médicaments dans la population générale. Partie 2: Domaines spécifiques. Médicaments et conduite (dangers; médicaments et accidents de la circulation: données épidémiologiques; etc.). L'usage de médicaments sur le lieu de travail. L'usage de médicaments dans le milieu toxicomane. Le dopage. Partie 3: Formes particulières de l'abus de médicaments. Les intoxications médicamenteuses volontaires. Le suicide par prise de médicaments. Médicaments et troubles alimentaires. Les abus de médicaments des personnes âgées. Partie 4: Traitement et prévention. Traitement et thérapie. Abus et dépendance: réglementation de l'OICM. Prévention. Les bons médicaments n'ont pas besoin de publicité</subfield></datafield><datafield ind1="8" ind2=" " tag="520"><subfield code="a">Ecrit dans un langage clair et accessible, cet ouvrage collectif et multidisciplinaire est destiné avant tout aux professionnels des domaines médicaux, sociaux et psychologiques, mais s'adresse également à toute personne cherchant des informations actuelles sur les tenants et aboutissants de l'abus de médicaments.</subfield><subfield code="5">RERO/vdimsp/05.2013</subfield></datafield><datafield ind1=" " ind2="2" tag="650"><subfield code="a">Substance-Related Disorders</subfield></datafield><datafield ind1=" " ind2="2" tag="650"><subfield code="a">Drug Utilization</subfield></datafield><datafield ind1=" " ind2="2" tag="650"><subfield code="a">Pharmaceutical Preparations</subfield></datafield><datafield ind1=" " ind2="2" tag="650"><subfield code="a">Pharmaceutical Preparations</subfield><subfield code="x">adverse effects</subfield></datafield><datafield ind1=" " ind2="2" tag="650"><subfield code="a">Substance-Related Disorders</subfield><subfield code="x">mortality</subfield></datafield><datafield ind1=" " ind2="2" tag="650"><subfield code="a">Substance-Related Disorders</subfield><subfield code="x">epidemiology</subfield></datafield><datafield ind1=" " ind2="7" tag="650"><subfield code="a">Toxicomanie</subfield><subfield code="0">(IDREF)027254259</subfield><subfield code="2">idref</subfield></datafield><datafield ind1=" " ind2="2" tag="651"><subfield code="a">Switzerland</subfield></datafield><datafield ind1=" " ind2="7" tag="651"><subfield code="a">Suisse</subfield><subfield code="0">(IDREF)027249654</subfield><subfield code="2">idref</subfield></datafield><datafield ind1="1" ind2=" " tag="700"><subfield code="a">Biollaz, Jérôme</subfield><subfield code="0">(IDREF)059282819</subfield></datafield><datafield ind1="1" ind2=" " tag="700"><subfield code="a">Maffli, Etienne</subfield><subfield code="0">(RERO)A003549130</subfield></datafield><datafield ind1="2" ind2=" " tag="710"><subfield code="a">Addiction Suisse</subfield><subfield code="0">(IDREF)189086432</subfield></datafield><datafield ind1=" " ind2=" " tag="900"><subfield code="a">REROnoselfmerge</subfield></datafield></record>
</metadata></record>