<record><header><identifier>oai:alma.41SLSP_UGE:991000783519705502</identifier><datestamp>2023-04-14T00:13:38Z</datestamp><setSpec>uge_bcen_RapidILL_BOOK</setSpec><setSpec>uge_aaca_RapidILL_BOOK</setSpec><setSpec>uge_abels_RapidILL_BOOK</setSpec><setSpec>uge_dbu_RapidILL_BOOK</setSpec><setSpec>uge_cmu_RapidILL_BOOK</setSpec><setSpec>uge_mail_RapidILL_BOOK</setSpec><setSpec>uge_abbat_RapidILL_BOOK</setSpec><setSpec>UNIGE_ALL</setSpec><setSpec>uge_acar_RapidILL_BOOK</setSpec><setSpec>uge_aobs_RapidILL_BOOK</setSpec></header><metadata>
<record xmlns="http://www.loc.gov/MARC21/slim" xmlns:xsi="http://www.w3.org/2001/XMLSchema-instance" xsi:schemaLocation="http://www.loc.gov/MARC21/slim http://www.loc.gov/standards/marcxml/schema/MARC21slim.xsd"><leader>02503nam a22005772c 4500</leader><controlfield tag="001">991000783519705502</controlfield><controlfield tag="005">20230413211423.0</controlfield><controlfield tag="008">201012s2013    fr ||||| |||| 10| ||fre d</controlfield><datafield ind1=" " ind2=" " tag="020"><subfield code="a">2811108483</subfield><subfield code="q">pbk.</subfield></datafield><datafield ind1=" " ind2=" " tag="020"><subfield code="a">9782811108489</subfield><subfield code="q">pbk.</subfield></datafield><datafield ind1="7" ind2=" " tag="024"><subfield code="a">http://catalogue.bnf.fr/ark:/12148/cb436079750</subfield><subfield code="2">uri</subfield></datafield><datafield ind1=" " ind2=" " tag="035"><subfield code="a">(swissbib)241065402-41slsp_network</subfield></datafield><datafield ind1=" " ind2=" " tag="035"><subfield code="a">241065402</subfield><subfield code="9">ExL</subfield></datafield><datafield ind1=" " ind2=" " tag="035"><subfield code="a">(RERO)R008275755-41slsp</subfield></datafield><datafield ind1=" " ind2=" " tag="035"><subfield code="a">(NEBIS)009930369EBI01</subfield></datafield><datafield ind1=" " ind2=" " tag="035"><subfield code="a">(OCoLC)851712229</subfield></datafield><datafield ind1=" " ind2=" " tag="035"><subfield code="a">(EXLNZ-41SLSP_NETWORK)991075097579705501</subfield></datafield><datafield ind1=" " ind2=" " tag="040"><subfield code="a">AUXAM</subfield><subfield code="d">CH-ZuSLS</subfield></datafield><datafield ind1="1" ind2="4" tag="050"><subfield code="a">BX1675</subfield><subfield code="b">.C44 2013</subfield></datafield><datafield ind1=" " ind2=" " tag="050"><subfield code="a">BX1675.A1</subfield><subfield code="b">C54 2013</subfield></datafield><datafield ind1="0" ind2="4" tag="082"><subfield code="a">262</subfield><subfield code="2">21</subfield></datafield><datafield ind1="1" ind2="4" tag="082"><subfield code="a">282</subfield></datafield><datafield ind1="1" ind2=" " tag="100"><subfield code="a">Cheza, Maurice</subfield><subfield code="6">880-01</subfield></datafield><datafield ind1="1" ind2=" " tag="880"><subfield code="6">100-01</subfield><subfield code="a">Cheza, Maurice</subfield><subfield code="d">1936-....</subfield><subfield code="0">(IDREF)031705855</subfield></datafield><datafield ind1="1" ind2="0" tag="245"><subfield code="a">&lt;&lt;Le&gt;&gt; deuxième Synode africain</subfield><subfield code="b">réconciliation, justice et paix</subfield><subfield code="c">Maurice Cheza ; préface, Nicolas Djomo</subfield></datafield><datafield ind1=" " ind2="1" tag="264"><subfield code="a">Paris</subfield><subfield code="b">Karthala</subfield><subfield code="c">2013</subfield></datafield><datafield ind1=" " ind2=" " tag="300"><subfield code="a">435 pages</subfield><subfield code="c">24 cm</subfield></datafield><datafield ind1=" " ind2=" " tag="336"><subfield code="b">txt</subfield><subfield code="2">rdacontent</subfield></datafield><datafield ind1=" " ind2=" " tag="337"><subfield code="b">n</subfield><subfield code="2">rdamedia</subfield></datafield><datafield ind1=" " ind2=" " tag="338"><subfield code="b">nc</subfield><subfield code="2">rdacarrier</subfield></datafield><datafield ind1="0" ind2=" " tag="490"><subfield code="a">Chrétiens en liberté/Question disputées</subfield></datafield><datafield ind1=" " ind2=" " tag="504"><subfield code="a">Includes bibliographical references and indexes</subfield></datafield><datafield ind1="2" ind2="0" tag="610"><subfield code="a">Catholic Church</subfield><subfield code="z">Africa</subfield></datafield><datafield ind1="1" ind2="0" tag="610"><subfield code="a">Catholic Church</subfield><subfield code="z">Africa</subfield><subfield code="v">Congresses</subfield></datafield><datafield ind1="1" ind2="4" tag="610"><subfield code="a">Catholic Church</subfield></datafield><datafield ind1="2" ind2="0" tag="611"><subfield code="a">African Synod</subfield><subfield code="n">2nd</subfield><subfield code="d">2009</subfield><subfield code="c">Rome, Italy</subfield></datafield><datafield ind1="2" ind2="7" tag="611"><subfield code="a">Katholische Kirche</subfield><subfield code="e">Bischofssynode</subfield><subfield code="d">2009</subfield><subfield code="c">Rom</subfield><subfield code="0">(DE-588)7693445-7</subfield><subfield code="2">gnd</subfield></datafield><datafield ind1=" " ind2="0" tag="650"><subfield code="a">Christianity and culture</subfield><subfield code="z">Africa</subfield><subfield code="v">Congresses</subfield></datafield><datafield ind1=" " ind2="0" tag="650"><subfield code="a">Christian sociology</subfield><subfield code="x">Catholic Church</subfield><subfield code="v">Congresses</subfield></datafield><datafield ind1=" " ind2="0" tag="650"><subfield code="a">Christian sociology</subfield><subfield code="z">Africa</subfield><subfield code="v">Congresses</subfield></datafield><datafield ind1=" " ind2="0" tag="650"><subfield code="a">Church and state</subfield><subfield code="z">Africa</subfield><subfield code="v">Congresses</subfield></datafield><datafield ind1=" " ind2="0" tag="650"><subfield code="a">Church and state</subfield><subfield code="x">Catholic Church</subfield><subfield code="v">Congresses</subfield></datafield><datafield ind1=" " ind2="7" tag="650"><subfield code="a">Katholische Theologie</subfield><subfield code="0">(DE-588)4030005-5</subfield><subfield code="2">gnd</subfield></datafield><datafield ind1=" " ind2="7" tag="651"><subfield code="a">Afrika</subfield><subfield code="0">(DE-588)4000695-5</subfield><subfield code="2">gnd</subfield></datafield><datafield ind1=" " ind2="7" tag="655"><subfield code="a">Quelle</subfield><subfield code="2">gnd-content</subfield></datafield><datafield ind1="4" ind2="2" tag="856"><subfield code="u">http://bvbr.bib-bvb.de:8991/F?func=service&amp;doc_library=BVB01&amp;local_base=BVB01&amp;doc_number=026833796&amp;line_number=0001&amp;func_code=DB_RECORDS&amp;service_type=MEDIA</subfield></datafield><datafield ind1="4" ind2="2" tag="856"><subfield code="u">http://catalogue.bnf.fr/ark:/12148/cb436079750</subfield></datafield><datafield ind1="4" ind2="2" tag="856"><subfield code="u">http://scans.hebis.de/HEBCGI/show.pl?32757411_toc.pdf</subfield></datafield><datafield ind1="4" ind2=" " tag="856"><subfield code="3">Titelblatt und Inhaltsverzeichnis</subfield><subfield code="u">https://toc.library.ethz.ch/objects/pdf03/z01_978-2-8111-0848-9_01.pdf</subfield><subfield code="q">pdf</subfield></datafield><datafield ind1=" " ind2=" " tag="900"><subfield code="a">IDSZ2zbzmon201311f</subfield><subfield code="c">IDSZ2meyc</subfield><subfield code="d">IDSZ2zbzswk201312b</subfield><subfield code="e">IDSZ2schu</subfield></datafield><datafield ind1=" " ind2=" " tag="949"><subfield code="a">http://scans.hebis.de/HEBCGI/show.pl?32757411_toc.pdf</subfield></datafield><datafield ind1=" " ind2=" " tag="949"><subfield code="a">https://toc.library.ethz.ch/objects/pdf03/z01_978-2-8111-0848-9_01.pdf</subfield></datafield></record>
</metadata></record>