<record><header><identifier>oai:alma.41SLSP_UGE:991000783869705502</identifier><datestamp>2023-03-01T01:09:56Z</datestamp><setSpec>uge_bcen_RapidILL_BOOK</setSpec><setSpec>uge_aaca_RapidILL_BOOK</setSpec><setSpec>uge_abels_RapidILL_BOOK</setSpec><setSpec>uge_dbu_RapidILL_BOOK</setSpec><setSpec>uge_cmu_RapidILL_BOOK</setSpec><setSpec>uge_mail_RapidILL_BOOK</setSpec><setSpec>UNIGE_ALL</setSpec><setSpec>uge_abbat_RapidILL_BOOK</setSpec><setSpec>uge_aobs_RapidILL_BOOK</setSpec><setSpec>uge_acar_RapidILL_BOOK</setSpec></header><metadata>
<record xmlns="http://www.loc.gov/MARC21/slim" xmlns:xsi="http://www.w3.org/2001/XMLSchema-instance" xsi:schemaLocation="http://www.loc.gov/MARC21/slim http://www.loc.gov/standards/marcxml/schema/MARC21slim.xsd"><leader>01068naa a22002417c 4500</leader><controlfield tag="001">991000783869705502</controlfield><controlfield tag="005">20210206201952.0</controlfield><controlfield tag="008">030425s2002    gw ||||| |||| 00| ||eng d</controlfield><datafield ind1=" " ind2=" " tag="035"><subfield code="a">(swissbib)098906941-41slsp_network</subfield></datafield><datafield ind1=" " ind2=" " tag="035"><subfield code="a">098906941</subfield><subfield code="9">ExL</subfield></datafield><datafield ind1=" " ind2=" " tag="035"><subfield code="a">(RERO)R003348170-41slsp</subfield></datafield><datafield ind1=" " ind2=" " tag="035"><subfield code="a">(EXLNZ-41SLSP_NETWORK)991002281579705501</subfield></datafield><datafield ind1=" " ind2=" " tag="040"><subfield code="a">RERO geucui</subfield><subfield code="d">CH-ZuSLS</subfield></datafield><datafield ind1=" " ind2="7" tag="072"><subfield code="a">in</subfield><subfield code="2">rero</subfield></datafield><datafield ind1="1" ind2=" " tag="100"><subfield code="a">Bryce, Ciarán</subfield><subfield code="0">(IDREF)123401429</subfield><subfield code="4">cre</subfield></datafield><datafield ind1="1" ind2="0" tag="245"><subfield code="a">Lana</subfield><subfield code="b">an approach to programming autonomous systems</subfield><subfield code="c">Ciarán Bryce, Chrislain Razafimahefa, and Michel Pawlak</subfield></datafield><datafield ind1=" " ind2=" " tag="336"><subfield code="b">txt</subfield><subfield code="2">rdacontent</subfield></datafield><datafield ind1=" " ind2=" " tag="337"><subfield code="b">n</subfield><subfield code="2">rdamedia</subfield></datafield><datafield ind1=" " ind2=" " tag="338"><subfield code="b">nc</subfield><subfield code="2">rdacarrier</subfield></datafield><datafield ind1=" " ind2=" " tag="580"><subfield code="a">In: ECOOP 2002 : object-oriented programming : 16th European conference, Málaga, Spain, June 10-14, 2002. - Berlin [etc.] : Springer, cop. 2002. - P. 281-308</subfield></datafield><datafield ind1="1" ind2=" " tag="700"><subfield code="a">Razafimahefa, Chrislain</subfield><subfield code="0">(RERO)A005739949</subfield></datafield><datafield ind1="1" ind2=" " tag="700"><subfield code="a">Pawlak, Michel</subfield><subfield code="0">(IDREF)123401372</subfield></datafield><datafield ind1="0" ind2=" " tag="773"><subfield code="t">ECOOP 2002 : object-oriented programming : 16th European conference, Málaga, Spain, June 10-14, 2002 : proceedings</subfield><subfield code="g">281</subfield><subfield code="w">(RERO)R003348146-41slsp</subfield></datafield><datafield ind1=" " ind2=" " tag="900"><subfield code="a">REROnoselfmerge</subfield></datafield></record>
</metadata></record>